;; -*- mode: org; mode: beancount; -*-
;; Birth: 1980-05-12
;; Dates: 2021-01-01 - 2023-04-15
;; THIS FILE HAS BEEN AUTO-GENERATED.
* Options

option "title" "Example Beancount file"
option "operating_currency" "USD"




* Commodities


1792-01-01 commodity USD
  export: "CASH"
  name: "US Dollar"

1900-01-01 commodity VMMXX
  export: "MUTF:VMMXX (MONEY:USD)"

1980-05-12 commodity VACHR
  export: "IGNORE"
  name: "Employer Vacation Hours"

1980-05-12 commodity IRAUSD
  export: "IGNORE"
  name: "US 401k and IRA Contributions"

1995-09-18 commodity VBMPX
  export: "MUTF:VBMPX"
  name: "Vanguard Total Bond Market Index Fund Institutional Plus Shares"
  price: "USD:google/MUTF:VBMPX"

2004-01-20 commodity ITOT
  export: "NYSEARCA:ITOT"
  name: "iShares Core S&P Total U.S. Stock Market ETF"
  price: "USD:google/NYSEARCA:ITOT"

2004-01-26 commodity VHT
  export: "NYSEARCA:VHT"
  name: "Vanguard Health Care ETF"
  price: "USD:google/NYSEARCA:VHT"

2004-11-01 commodity GLD
  export: "NYSEARCA:GLD"
  name: "SPDR Gold Trust (ETF)"
  price: "USD:google/NYSEARCA:GLD"

2007-07-20 commodity VEA
  export: "NYSEARCA:VEA"
  name: "Vanguard FTSE Developed Markets ETF"
  price: "USD:google/NYSEARCA:VEA"

2009-05-01 commodity RGAGX
  export: "MUTF:RGAGX"
  name: "American Funds The Growth Fund of America Class R-6"
  price: "USD:google/MUTF:RGAGX"



* Equity Accounts

1980-05-12 open Equity:Opening-Balances
1980-05-12 open Liabilities:AccountsPayable



* Banking

2021-01-01 open Assets:US:BofA
  address: "123 America Street, LargeTown, USA"
  institution: "Bank of America"
  phone: "+1.012.345.6789"
2021-01-01 open Assets:US:BofA:Checking                        USD
  account: "00234-48574897"

2021-01-01 * "Opening Balance for checking account"
  Assets:US:BofA:Checking                         4666.58 USD
  Equity:Opening-Balances                        -4666.58 USD

2021-01-02 balance Assets:US:BofA:Checking        4666.58 USD

2021-01-04 * "BANK FEES" "Monthly bank fee"
  Assets:US:BofA:Checking                           -4.00 USD
  Expenses:Financial:Fees                            4.00 USD

2021-01-06 * "RiverBank Properties" "Paying the rent"
  Assets:US:BofA:Checking                        -2400.00 USD
  Expenses:Home:Rent                              2400.00 USD

2021-01-09 * "EDISON POWER" ""
  Assets:US:BofA:Checking                          -65.00 USD
  Expenses:Home:Electricity                         65.00 USD

2021-01-20 * "Verizon Wireless" ""
  Assets:US:BofA:Checking                          -60.02 USD
  Expenses:Home:Phone                               60.02 USD

2021-01-21 * "Wine-Tarner Cable" ""
  Assets:US:BofA:Checking                          -80.12 USD
  Expenses:Home:Internet                            80.12 USD

2021-01-28 balance Assets:US:BofA:Checking        4705.78 USD

2021-02-04 * "BANK FEES" "Monthly bank fee"
  Assets:US:BofA:Checking                           -4.00 USD
  Expenses:Financial:Fees                            4.00 USD

2021-02-05 * "RiverBank Properties" "Paying the rent"
  Assets:US:BofA:Checking                        -2400.00 USD
  Expenses:Home:Rent                              2400.00 USD

2021-02-09 * "EDISON POWER" ""
  Assets:US:BofA:Checking                          -65.00 USD
  Expenses:Home:Electricity                         65.00 USD

2021-02-18 * "Verizon Wireless" ""
  Assets:US:BofA:Checking                          -53.34 USD
  Expenses:Home:Phone                               53.34 USD

2021-02-21 * "Wine-Tarner Cable" ""
  Assets:US:BofA:Checking                          -80.08 USD
  Expenses:Home:Internet                            80.08 USD

2021-02-25 balance Assets:US:BofA:Checking        4025.80 USD

2021-03-04 * "BANK FEES" "Monthly bank fee"
  Assets:US:BofA:Checking                           -4.00 USD
  Expenses:Financial:Fees                            4.00 USD

2021-03-06 * "RiverBank Properties" "Paying the rent"
  Assets:US:BofA:Checking                        -2400.00 USD
  Expenses:Home:Rent                              2400.00 USD

2021-03-09 * "EDISON POWER" ""
  Assets:US:BofA:Checking                          -65.00 USD
  Expenses:Home:Electricity                         65.00 USD

2021-03-19 * "Verizon Wireless" ""
  Assets:US:BofA:Checking                          -60.36 USD
  Expenses:Home:Phone                               60.36 USD

2021-03-23 * "Wine-Tarner Cable" ""
  Assets:US:BofA:Checking                          -79.91 USD
  Expenses:Home:Internet                            79.91 USD

2021-03-24 balance Assets:US:BofA:Checking        3387.84 USD

2021-04-04 * "BANK FEES" "Monthly bank fee"
  Assets:US:BofA:Checking                           -4.00 USD
  Expenses:Financial:Fees                            4.00 USD

2021-04-04 * "RiverBank Properties" "Paying the rent"
  Assets:US:BofA:Checking                        -2400.00 USD
  Expenses:Home:Rent                              2400.00 USD

2021-04-09 * "EDISON POWER" ""
  Assets:US:BofA:Checking                          -65.00 USD
  Expenses:Home:Electricity                         65.00 USD

2021-04-20 balance Assets:US:BofA:Checking        2997.95 USD

2021-04-20 * "Verizon Wireless" ""
  Assets:US:BofA:Checking                          -69.01 USD
  Expenses:Home:Phone                               69.01 USD

2021-04-23 * "Wine-Tarner Cable" ""
  Assets:US:BofA:Checking                          -79.80 USD
  Expenses:Home:Internet                            79.80 USD

2021-05-03 * "RiverBank Properties" "Paying the rent"
  Assets:US:BofA:Checking                        -2400.00 USD
  Expenses:Home:Rent                              2400.00 USD

2021-05-04 * "BANK FEES" "Monthly bank fee"
  Assets:US:BofA:Checking                           -4.00 USD
  Expenses:Financial:Fees                            4.00 USD

2021-05-08 * "EDISON POWER" ""
  Assets:US:BofA:Checking                          -65.00 USD
  Expenses:Home:Electricity                         65.00 USD

2021-05-20 balance Assets:US:BofA:Checking        2384.95 USD

2021-05-20 * "Verizon Wireless" ""
  Assets:US:BofA:Checking                          -47.38 USD
  Expenses:Home:Phone                               47.38 USD

2021-05-21 * "Wine-Tarner Cable" ""
  Assets:US:BofA:Checking                          -80.08 USD
  Expenses:Home:Internet                            80.08 USD

2021-06-04 * "BANK FEES" "Monthly bank fee"
  Assets:US:BofA:Checking                           -4.00 USD
  Expenses:Financial:Fees                            4.00 USD

2021-06-05 * "RiverBank Properties" "Paying the rent"
  Assets:US:BofA:Checking                        -2400.00 USD
  Expenses:Home:Rent                              2400.00 USD

2021-06-09 * "EDISON POWER" ""
  Assets:US:BofA:Checking                          -65.00 USD
  Expenses:Home:Electricity                         65.00 USD

2021-06-18 * "Verizon Wireless" ""
  Assets:US:BofA:Checking                          -52.73 USD
  Expenses:Home:Phone                               52.73 USD

2021-06-19 balance Assets:US:BofA:Checking        1733.84 USD

2021-06-21 * "Wine-Tarner Cable" ""
  Assets:US:BofA:Checking                          -79.79 USD
  Expenses:Home:Internet                            79.79 USD

2021-07-04 * "BANK FEES" "Monthly bank fee"
  Assets:US:BofA:Checking                           -4.00 USD
  Expenses:Financial:Fees                            4.00 USD

2021-07-04 * "RiverBank Properties" "Paying the rent"
  Assets:US:BofA:Checking                        -2400.00 USD
  Expenses:Home:Rent                              2400.00 USD

2021-07-08 * "EDISON POWER" ""
  Assets:US:BofA:Checking                          -65.00 USD
  Expenses:Home:Electricity                         65.00 USD

2021-07-11 balance Assets:US:BofA:Checking        1213.70 USD

2021-07-20 * "Verizon Wireless" ""
  Assets:US:BofA:Checking                          -80.32 USD
  Expenses:Home:Phone                               80.32 USD

2021-07-22 * "Wine-Tarner Cable" ""
  Assets:US:BofA:Checking                          -79.98 USD
  Expenses:Home:Internet                            79.98 USD

2021-08-03 balance Assets:US:BofA:Checking        2404.00 USD

2021-08-03 * "RiverBank Properties" "Paying the rent"
  Assets:US:BofA:Checking                        -2400.00 USD
  Expenses:Home:Rent                              2400.00 USD

2021-08-04 * "BANK FEES" "Monthly bank fee"
  Assets:US:BofA:Checking                           -4.00 USD
  Expenses:Financial:Fees                            4.00 USD

2021-08-09 * "EDISON POWER" ""
  Assets:US:BofA:Checking                          -65.00 USD
  Expenses:Home:Electricity                         65.00 USD

2021-08-20 * "Verizon Wireless" ""
  Assets:US:BofA:Checking                          -60.51 USD
  Expenses:Home:Phone                               60.51 USD

2021-08-23 * "Wine-Tarner Cable" ""
  Assets:US:BofA:Checking                          -79.93 USD
  Expenses:Home:Internet                            79.93 USD

2021-08-28 balance Assets:US:BofA:Checking        3712.53 USD

2021-09-04 * "BANK FEES" "Monthly bank fee"
  Assets:US:BofA:Checking                           -4.00 USD
  Expenses:Financial:Fees                            4.00 USD

2021-09-05 * "RiverBank Properties" "Paying the rent"
  Assets:US:BofA:Checking                        -2400.00 USD
  Expenses:Home:Rent                              2400.00 USD

2021-09-08 * "EDISON POWER" ""
  Assets:US:BofA:Checking                          -65.00 USD
  Expenses:Home:Electricity                         65.00 USD

2021-09-17 * "Transfering accumulated savings to other account"
  Assets:US:BofA:Checking                           -4500 USD
  Assets:US:ETrade:Cash                              4500 USD

2021-09-19 balance Assets:US:BofA:Checking        1070.70 USD

2021-09-20 * "Verizon Wireless" ""
  Assets:US:BofA:Checking                          -59.72 USD
  Expenses:Home:Phone                               59.72 USD

2021-09-21 * "Wine-Tarner Cable" ""
  Assets:US:BofA:Checking                          -79.89 USD
  Expenses:Home:Internet                            79.89 USD

2021-10-04 * "BANK FEES" "Monthly bank fee"
  Assets:US:BofA:Checking                           -4.00 USD
  Expenses:Financial:Fees                            4.00 USD

2021-10-05 * "RiverBank Properties" "Paying the rent"
  Assets:US:BofA:Checking                        -2400.00 USD
  Expenses:Home:Rent                              2400.00 USD

2021-10-09 * "EDISON POWER" ""
  Assets:US:BofA:Checking                          -65.00 USD
  Expenses:Home:Electricity                         65.00 USD

2021-10-10 balance Assets:US:BofA:Checking         224.79 USD

2021-10-18 * "Verizon Wireless" ""
  Assets:US:BofA:Checking                          -54.65 USD
  Expenses:Home:Phone                               54.65 USD

2021-10-22 * "Wine-Tarner Cable" ""
  Assets:US:BofA:Checking                          -80.03 USD
  Expenses:Home:Internet                            80.03 USD

2021-11-03 * "RiverBank Properties" "Paying the rent"
  Assets:US:BofA:Checking                        -2400.00 USD
  Expenses:Home:Rent                              2400.00 USD

2021-11-04 * "BANK FEES" "Monthly bank fee"
  Assets:US:BofA:Checking                           -4.00 USD
  Expenses:Financial:Fees                            4.00 USD

2021-11-09 balance Assets:US:BofA:Checking        2787.31 USD

2021-11-09 * "EDISON POWER" ""
  Assets:US:BofA:Checking                          -65.00 USD
  Expenses:Home:Electricity                         65.00 USD

2021-11-12 * "Transfering accumulated savings to other account"
  Assets:US:BofA:Checking                           -3500 USD
  Assets:US:ETrade:Cash                              3500 USD

2021-11-19 * "Verizon Wireless" ""
  Assets:US:BofA:Checking                          -46.37 USD
  Expenses:Home:Phone                               46.37 USD

2021-11-21 * "Wine-Tarner Cable" ""
  Assets:US:BofA:Checking                          -79.96 USD
  Expenses:Home:Internet                            79.96 USD

2021-11-30 balance Assets:US:BofA:Checking        3898.38 USD

2021-12-04 * "BANK FEES" "Monthly bank fee"
  Assets:US:BofA:Checking                           -4.00 USD
  Expenses:Financial:Fees                            4.00 USD

2021-12-06 * "RiverBank Properties" "Paying the rent"
  Assets:US:BofA:Checking                        -2400.00 USD
  Expenses:Home:Rent                              2400.00 USD

2021-12-08 * "EDISON POWER" ""
  Assets:US:BofA:Checking                          -65.00 USD
  Expenses:Home:Electricity                         65.00 USD

2021-12-18 * "Verizon Wireless" ""
  Assets:US:BofA:Checking                          -62.99 USD
  Expenses:Home:Phone                               62.99 USD

2021-12-22 balance Assets:US:BofA:Checking        3478.63 USD

2021-12-23 * "Wine-Tarner Cable" ""
  Assets:US:BofA:Checking                          -79.92 USD
  Expenses:Home:Internet                            79.92 USD

2022-01-04 * "BANK FEES" "Monthly bank fee"
  Assets:US:BofA:Checking                           -4.00 USD
  Expenses:Financial:Fees                            4.00 USD

2022-01-05 * "RiverBank Properties" "Paying the rent"
  Assets:US:BofA:Checking                        -2400.00 USD
  Expenses:Home:Rent                              2400.00 USD

2022-01-08 * "EDISON POWER" ""
  Assets:US:BofA:Checking                          -65.00 USD
  Expenses:Home:Electricity                         65.00 USD

2022-01-15 balance Assets:US:BofA:Checking        4349.81 USD

2022-01-20 * "Verizon Wireless" ""
  Assets:US:BofA:Checking                          -53.80 USD
  Expenses:Home:Phone                               53.80 USD

2022-01-21 * "Wine-Tarner Cable" ""
  Assets:US:BofA:Checking                          -79.89 USD
  Expenses:Home:Internet                            79.89 USD

2022-02-03 * "RiverBank Properties" "Paying the rent"
  Assets:US:BofA:Checking                        -2400.00 USD
  Expenses:Home:Rent                              2400.00 USD

2022-02-04 * "BANK FEES" "Monthly bank fee"
  Assets:US:BofA:Checking                           -4.00 USD
  Expenses:Financial:Fees                            4.00 USD

2022-02-09 balance Assets:US:BofA:Checking        3893.43 USD

2022-02-09 * "EDISON POWER" ""
  Assets:US:BofA:Checking                          -65.00 USD
  Expenses:Home:Electricity                         65.00 USD

2022-02-20 * "Verizon Wireless" ""
  Assets:US:BofA:Checking                          -78.58 USD
  Expenses:Home:Phone                               78.58 USD

2022-02-23 * "Wine-Tarner Cable" ""
  Assets:US:BofA:Checking                          -80.00 USD
  Expenses:Home:Internet                            80.00 USD

2022-03-01 balance Assets:US:BofA:Checking        5020.45 USD

2022-03-03 * "RiverBank Properties" "Paying the rent"
  Assets:US:BofA:Checking                        -2400.00 USD
  Expenses:Home:Rent                              2400.00 USD

2022-03-04 * "BANK FEES" "Monthly bank fee"
  Assets:US:BofA:Checking                           -4.00 USD
  Expenses:Financial:Fees                            4.00 USD

2022-03-08 * "EDISON POWER" ""
  Assets:US:BofA:Checking                          -65.00 USD
  Expenses:Home:Electricity                         65.00 USD

2022-03-20 * "Verizon Wireless" ""
  Assets:US:BofA:Checking                          -59.58 USD
  Expenses:Home:Phone                               59.58 USD

2022-03-21 * "Wine-Tarner Cable" ""
  Assets:US:BofA:Checking                          -80.03 USD
  Expenses:Home:Internet                            80.03 USD

2022-03-29 balance Assets:US:BofA:Checking        3358.53 USD

2022-04-03 * "RiverBank Properties" "Paying the rent"
  Assets:US:BofA:Checking                        -2400.00 USD
  Expenses:Home:Rent                              2400.00 USD

2022-04-04 * "BANK FEES" "Monthly bank fee"
  Assets:US:BofA:Checking                           -4.00 USD
  Expenses:Financial:Fees                            4.00 USD

2022-04-08 * "EDISON POWER" ""
  Assets:US:BofA:Checking                          -65.00 USD
  Expenses:Home:Electricity                         65.00 USD

2022-04-18 * "Verizon Wireless" ""
  Assets:US:BofA:Checking                          -56.42 USD
  Expenses:Home:Phone                               56.42 USD

2022-04-23 * "Wine-Tarner Cable" ""
  Assets:US:BofA:Checking                          -80.10 USD
  Expenses:Home:Internet                            80.10 USD

2022-04-26 balance Assets:US:BofA:Checking        2954.44 USD

2022-05-03 * "RiverBank Properties" "Paying the rent"
  Assets:US:BofA:Checking                        -2400.00 USD
  Expenses:Home:Rent                              2400.00 USD

2022-05-04 * "BANK FEES" "Monthly bank fee"
  Assets:US:BofA:Checking                           -4.00 USD
  Expenses:Financial:Fees                            4.00 USD

2022-05-08 * "EDISON POWER" ""
  Assets:US:BofA:Checking                          -65.00 USD
  Expenses:Home:Electricity                         65.00 USD

2022-05-18 * "Verizon Wireless" ""
  Assets:US:BofA:Checking                          -56.01 USD
  Expenses:Home:Phone                               56.01 USD

2022-05-23 * "Wine-Tarner Cable" ""
  Assets:US:BofA:Checking                          -79.83 USD
  Expenses:Home:Internet                            79.83 USD

2022-05-24 balance Assets:US:BofA:Checking        2369.30 USD

2022-06-04 * "BANK FEES" "Monthly bank fee"
  Assets:US:BofA:Checking                           -4.00 USD
  Expenses:Financial:Fees                            4.00 USD

2022-06-04 * "RiverBank Properties" "Paying the rent"
  Assets:US:BofA:Checking                        -2400.00 USD
  Expenses:Home:Rent                              2400.00 USD

2022-06-08 * "EDISON POWER" ""
  Assets:US:BofA:Checking                          -65.00 USD
  Expenses:Home:Electricity                         65.00 USD

2022-06-16 balance Assets:US:BofA:Checking        1928.59 USD

2022-06-18 * "Verizon Wireless" ""
  Assets:US:BofA:Checking                          -62.22 USD
  Expenses:Home:Phone                               62.22 USD

2022-06-22 * "Wine-Tarner Cable" ""
  Assets:US:BofA:Checking                          -80.08 USD
  Expenses:Home:Internet                            80.08 USD

2022-07-03 * "RiverBank Properties" "Paying the rent"
  Assets:US:BofA:Checking                        -2400.00 USD
  Expenses:Home:Rent                              2400.00 USD

2022-07-04 * "BANK FEES" "Monthly bank fee"
  Assets:US:BofA:Checking                           -4.00 USD
  Expenses:Financial:Fees                            4.00 USD

2022-07-08 * "EDISON POWER" ""
  Assets:US:BofA:Checking                          -65.00 USD
  Expenses:Home:Electricity                         65.00 USD

2022-07-12 balance Assets:US:BofA:Checking        1652.23 USD

2022-07-19 * "Verizon Wireless" ""
  Assets:US:BofA:Checking                          -52.32 USD
  Expenses:Home:Phone                               52.32 USD

2022-07-21 * "Wine-Tarner Cable" ""
  Assets:US:BofA:Checking                          -80.02 USD
  Expenses:Home:Internet                            80.02 USD

2022-08-02 balance Assets:US:BofA:Checking        2870.49 USD

2022-08-03 * "RiverBank Properties" "Paying the rent"
  Assets:US:BofA:Checking                        -2400.00 USD
  Expenses:Home:Rent                              2400.00 USD

2022-08-04 * "BANK FEES" "Monthly bank fee"
  Assets:US:BofA:Checking                           -4.00 USD
  Expenses:Financial:Fees                            4.00 USD

2022-08-09 * "EDISON POWER" ""
  Assets:US:BofA:Checking                          -65.00 USD
  Expenses:Home:Electricity                         65.00 USD

2022-08-18 * "Verizon Wireless" ""
  Assets:US:BofA:Checking                          -68.19 USD
  Expenses:Home:Phone                               68.19 USD

2022-08-19 * "Transfering accumulated savings to other account"
  Assets:US:BofA:Checking                           -3000 USD
  Assets:US:ETrade:Cash                              3000 USD

2022-08-22 * "Wine-Tarner Cable" ""
  Assets:US:BofA:Checking                          -79.83 USD
  Expenses:Home:Internet                            79.83 USD

2022-08-27 balance Assets:US:BofA:Checking        1167.22 USD

2022-09-04 * "BANK FEES" "Monthly bank fee"
  Assets:US:BofA:Checking                           -4.00 USD
  Expenses:Financial:Fees                            4.00 USD

2022-09-05 * "RiverBank Properties" "Paying the rent"
  Assets:US:BofA:Checking                        -2400.00 USD
  Expenses:Home:Rent                              2400.00 USD

2022-09-08 * "EDISON POWER" ""
  Assets:US:BofA:Checking                          -65.00 USD
  Expenses:Home:Electricity                         65.00 USD

2022-09-18 * "Verizon Wireless" ""
  Assets:US:BofA:Checking                          -64.40 USD
  Expenses:Home:Phone                               64.40 USD

2022-09-20 balance Assets:US:BofA:Checking        3037.08 USD

2022-09-21 * "Wine-Tarner Cable" ""
  Assets:US:BofA:Checking                          -80.07 USD
  Expenses:Home:Internet                            80.07 USD

2022-10-04 * "BANK FEES" "Monthly bank fee"
  Assets:US:BofA:Checking                           -4.00 USD
  Expenses:Financial:Fees                            4.00 USD

2022-10-06 * "RiverBank Properties" "Paying the rent"
  Assets:US:BofA:Checking                        -2400.00 USD
  Expenses:Home:Rent                              2400.00 USD

2022-10-08 * "EDISON POWER" ""
  Assets:US:BofA:Checking                          -65.00 USD
  Expenses:Home:Electricity                         65.00 USD

2022-10-14 * "Transfering accumulated savings to other account"
  Assets:US:BofA:Checking                           -4000 USD
  Assets:US:ETrade:Cash                              4000 USD

2022-10-18 balance Assets:US:BofA:Checking         784.65 USD

2022-10-18 * "Verizon Wireless" ""
  Assets:US:BofA:Checking                          -60.45 USD
  Expenses:Home:Phone                               60.45 USD

2022-10-23 * "Wine-Tarner Cable" ""
  Assets:US:BofA:Checking                          -80.04 USD
  Expenses:Home:Internet                            80.04 USD

2022-11-04 * "BANK FEES" "Monthly bank fee"
  Assets:US:BofA:Checking                           -4.00 USD
  Expenses:Financial:Fees                            4.00 USD

2022-11-04 * "RiverBank Properties" "Paying the rent"
  Assets:US:BofA:Checking                        -2400.00 USD
  Expenses:Home:Rent                              2400.00 USD

2022-11-09 * "EDISON POWER" ""
  Assets:US:BofA:Checking                          -65.00 USD
  Expenses:Home:Electricity                         65.00 USD

2022-11-15 balance Assets:US:BofA:Checking        2746.79 USD

2022-11-19 * "Verizon Wireless" ""
  Assets:US:BofA:Checking                          -69.22 USD
  Expenses:Home:Phone                               69.22 USD

2022-11-23 * "Wine-Tarner Cable" ""
  Assets:US:BofA:Checking                          -79.88 USD
  Expenses:Home:Internet                            79.88 USD

2022-12-04 * "BANK FEES" "Monthly bank fee"
  Assets:US:BofA:Checking                           -4.00 USD
  Expenses:Financial:Fees                            4.00 USD

2022-12-05 * "RiverBank Properties" "Paying the rent"
  Assets:US:BofA:Checking                        -2400.00 USD
  Expenses:Home:Rent                              2400.00 USD

2022-12-06 balance Assets:US:BofA:Checking        2744.29 USD

2022-12-09 * "EDISON POWER" ""
  Assets:US:BofA:Checking                          -65.00 USD
  Expenses:Home:Electricity                         65.00 USD

2022-12-09 * "Transfering accumulated savings to other account"
  Assets:US:BofA:Checking                           -4000 USD
  Assets:US:ETrade:Cash                              4000 USD

2022-12-18 * "Verizon Wireless" ""
  Assets:US:BofA:Checking                          -68.42 USD
  Expenses:Home:Phone                               68.42 USD

2022-12-23 * "Wine-Tarner Cable" ""
  Assets:US:BofA:Checking                          -79.95 USD
  Expenses:Home:Internet                            79.95 USD

2023-01-02 balance Assets:US:BofA:Checking        3242.34 USD

2023-01-04 * "BANK FEES" "Monthly bank fee"
  Assets:US:BofA:Checking                           -4.00 USD
  Expenses:Financial:Fees                            4.00 USD

2023-01-06 * "RiverBank Properties" "Paying the rent"
  Assets:US:BofA:Checking                        -2400.00 USD
  Expenses:Home:Rent                              2400.00 USD

2023-01-08 * "EDISON POWER" ""
  Assets:US:BofA:Checking                          -65.00 USD
  Expenses:Home:Electricity                         65.00 USD

2023-01-20 * "Verizon Wireless" ""
  Assets:US:BofA:Checking                          -71.92 USD
  Expenses:Home:Phone                               71.92 USD

2023-01-23 * "Wine-Tarner Cable" ""
  Assets:US:BofA:Checking                          -79.96 USD
  Expenses:Home:Internet                            79.96 USD

2023-01-31 balance Assets:US:BofA:Checking        2596.73 USD

2023-02-04 * "BANK FEES" "Monthly bank fee"
  Assets:US:BofA:Checking                           -4.00 USD
  Expenses:Financial:Fees                            4.00 USD

2023-02-04 * "RiverBank Properties" "Paying the rent"
  Assets:US:BofA:Checking                        -2400.00 USD
  Expenses:Home:Rent                              2400.00 USD

2023-02-09 * "EDISON POWER" ""
  Assets:US:BofA:Checking                          -65.00 USD
  Expenses:Home:Electricity                         65.00 USD

2023-02-20 * "Verizon Wireless" ""
  Assets:US:BofA:Checking                          -74.34 USD
  Expenses:Home:Phone                               74.34 USD

2023-02-21 * "Wine-Tarner Cable" ""
  Assets:US:BofA:Checking                          -80.14 USD
  Expenses:Home:Internet                            80.14 USD

2023-02-22 balance Assets:US:BofA:Checking        2242.74 USD

2023-03-04 * "BANK FEES" "Monthly bank fee"
  Assets:US:BofA:Checking                           -4.00 USD
  Expenses:Financial:Fees                            4.00 USD

2023-03-04 * "RiverBank Properties" "Paying the rent"
  Assets:US:BofA:Checking                        -2400.00 USD
  Expenses:Home:Rent                              2400.00 USD

2023-03-08 * "EDISON POWER" ""
  Assets:US:BofA:Checking                          -65.00 USD
  Expenses:Home:Electricity                         65.00 USD

2023-03-16 balance Assets:US:BofA:Checking         557.20 USD

2023-03-18 * "Verizon Wireless" ""
  Assets:US:BofA:Checking                          -82.69 USD
  Expenses:Home:Phone                               82.69 USD

2023-03-22 * "Wine-Tarner Cable" ""
  Assets:US:BofA:Checking                          -80.12 USD
  Expenses:Home:Internet                            80.12 USD

2023-04-04 * "BANK FEES" "Monthly bank fee"
  Assets:US:BofA:Checking                           -4.00 USD
  Expenses:Financial:Fees                            4.00 USD

2023-04-13 balance Assets:US:BofA:Checking        2263.01 USD



* Credit-Cards

1980-05-12 open Liabilities:US:Chase:Slate                      USD

2021-01-05 * "Rose Flower" "Eating out with Julie"
  Liabilities:US:Chase:Slate                       -30.12 USD
  Expenses:Food:Restaurant                          30.12 USD

2021-01-07 * "Chase:Slate" "Paying off credit card"
  Liabilities:US:Chase:Slate                        52.86 USD
  Assets:US:BofA:Checking                          -52.86 USD

2021-01-09 * "Chichipotle" "Eating out alone"
  Liabilities:US:Chase:Slate                       -22.74 USD
  Expenses:Food:Restaurant                          22.74 USD

2021-01-10 * "Cafe Modagor" "Eating out after work"
  Liabilities:US:Chase:Slate                       -58.01 USD
  Expenses:Food:Restaurant                          58.01 USD

2021-01-10 * "Good Moods Market" "Buying groceries"
  Liabilities:US:Chase:Slate                       -71.69 USD
  Expenses:Food:Groceries                           71.69 USD

2021-01-13 * "Kin Soy" "Eating out with Bill"
  Liabilities:US:Chase:Slate                       -37.87 USD
  Expenses:Food:Restaurant                          37.87 USD

2021-01-14 * "Cafe Modagor" "Eating out with work buddies"
  Liabilities:US:Chase:Slate                       -35.98 USD
  Expenses:Food:Restaurant                          35.98 USD

2021-01-18 * "Goba Goba" "Eating out with Julie"
  Liabilities:US:Chase:Slate                       -41.77 USD
  Expenses:Food:Restaurant                          41.77 USD

2021-01-21 * "Cafe Modagor" "Eating out "
  Liabilities:US:Chase:Slate                       -43.39 USD
  Expenses:Food:Restaurant                          43.39 USD

2021-01-21 * "Onion Market" "Buying groceries"
  Liabilities:US:Chase:Slate                       -80.43 USD
  Expenses:Food:Groceries                           80.43 USD

2021-01-25 * "Chichipotle" "Eating out after work"
  Liabilities:US:Chase:Slate                       -35.32 USD
  Expenses:Food:Restaurant                          35.32 USD

2021-01-27 balance Liabilities:US:Chase:Slate     -404.46 USD

2021-01-30 * "Chichipotle" "Eating out with Joe"
  Liabilities:US:Chase:Slate                       -44.95 USD
  Expenses:Food:Restaurant                          44.95 USD

2021-01-31 * "China Garden" "Eating out with Bill"
  Liabilities:US:Chase:Slate                       -23.29 USD
  Expenses:Food:Restaurant                          23.29 USD

2021-02-01 * "Metro Transport Authority" "Tram tickets"
  Liabilities:US:Chase:Slate                      -120.00 USD
  Expenses:Transport:Tram                          120.00 USD

2021-02-05 * "Uncle Boons" "Eating out with Natasha"
  Liabilities:US:Chase:Slate                       -14.89 USD
  Expenses:Food:Restaurant                          14.89 USD

2021-02-05 * "Farmer Fresh" "Buying groceries"
  Liabilities:US:Chase:Slate                       -90.26 USD
  Expenses:Food:Groceries                           90.26 USD

2021-02-06 * "Jewel of Morroco" "Eating out with work buddies"
  Liabilities:US:Chase:Slate                       -38.38 USD
  Expenses:Food:Restaurant                          38.38 USD

2021-02-08 * "Chase:Slate" "Paying off credit card"
  Liabilities:US:Chase:Slate                       778.76 USD
  Assets:US:BofA:Checking                         -778.76 USD

2021-02-10 * "Jewel of Morroco" "Eating out after work"
  Liabilities:US:Chase:Slate                       -42.53 USD
  Expenses:Food:Restaurant                          42.53 USD

2021-02-13 * "Corner Deli" "Buying groceries"
  Liabilities:US:Chase:Slate                      -118.93 USD
  Expenses:Food:Groceries                          118.93 USD

2021-02-14 * "Kin Soy" "Eating out with Julie"
  Liabilities:US:Chase:Slate                       -28.59 USD
  Expenses:Food:Restaurant                          28.59 USD

2021-02-15 * "Goba Goba" "Eating out with Natasha"
  Liabilities:US:Chase:Slate                       -31.73 USD
  Expenses:Food:Restaurant                          31.73 USD

2021-02-17 * "Kin Soy" "Eating out with Julie"
  Liabilities:US:Chase:Slate                       -47.40 USD
  Expenses:Food:Restaurant                          47.40 USD

2021-02-19 * "Onion Market" "Buying groceries"
  Liabilities:US:Chase:Slate                      -104.67 USD
  Expenses:Food:Groceries                          104.67 USD

2021-02-20 * "Uncle Boons" "Eating out after work"
  Liabilities:US:Chase:Slate                       -28.39 USD
  Expenses:Food:Restaurant                          28.39 USD

2021-02-25 balance Liabilities:US:Chase:Slate     -359.71 USD

2021-02-25 * "Goba Goba" "Eating out with Natasha"
  Liabilities:US:Chase:Slate                       -32.38 USD
  Expenses:Food:Restaurant                          32.38 USD

2021-03-01 * "Chichipotle" "Eating out after work"
  Liabilities:US:Chase:Slate                       -73.42 USD
  Expenses:Food:Restaurant                          73.42 USD

2021-03-01 * "Onion Market" "Buying groceries"
  Liabilities:US:Chase:Slate                       -82.53 USD
  Expenses:Food:Groceries                           82.53 USD

2021-03-04 * "Rose Flower" "Eating out alone"
  Liabilities:US:Chase:Slate                       -14.66 USD
  Expenses:Food:Restaurant                          14.66 USD

2021-03-04 * "Metro Transport Authority" "Tram tickets"
  Liabilities:US:Chase:Slate                      -120.00 USD
  Expenses:Transport:Tram                          120.00 USD

2021-03-09 * "Uncle Boons" "Eating out after work"
  Liabilities:US:Chase:Slate                       -28.92 USD
  Expenses:Food:Restaurant                          28.92 USD

2021-03-10 * "China Garden" "Eating out with work buddies"
  Liabilities:US:Chase:Slate                       -18.27 USD
  Expenses:Food:Restaurant                          18.27 USD

2021-03-10 * "Chase:Slate" "Paying off credit card"
  Liabilities:US:Chase:Slate                       729.89 USD
  Assets:US:BofA:Checking                         -729.89 USD

2021-03-13 * "Goba Goba" "Eating out "
  Liabilities:US:Chase:Slate                       -21.46 USD
  Expenses:Food:Restaurant                          21.46 USD

2021-03-14 * "China Garden" "Eating out with Joe"
  Liabilities:US:Chase:Slate                       -34.06 USD
  Expenses:Food:Restaurant                          34.06 USD

2021-03-15 * "Rose Flower" "Eating out with Joe"
  Liabilities:US:Chase:Slate                       -42.21 USD
  Expenses:Food:Restaurant                          42.21 USD

2021-03-16 * "Onion Market" "Buying groceries"
  Liabilities:US:Chase:Slate                       -62.16 USD
  Expenses:Food:Groceries                           62.16 USD

2021-03-18 * "Jewel of Morroco" "Eating out "
  Liabilities:US:Chase:Slate                       -21.20 USD
  Expenses:Food:Restaurant                          21.20 USD

2021-03-21 * "Farmer Fresh" "Buying groceries"
  Liabilities:US:Chase:Slate                       -86.84 USD
  Expenses:Food:Groceries                           86.84 USD

2021-03-23 * "Rose Flower" "Eating out with Julie"
  Liabilities:US:Chase:Slate                       -33.33 USD
  Expenses:Food:Restaurant                          33.33 USD

2021-03-26 balance Liabilities:US:Chase:Slate     -301.26 USD

2021-03-26 * "Good Moods Market" "Buying groceries"
  Liabilities:US:Chase:Slate                       -70.80 USD
  Expenses:Food:Groceries                           70.80 USD

2021-03-27 * "Jewel of Morroco" "Eating out with Natasha"
  Liabilities:US:Chase:Slate                       -22.40 USD
  Expenses:Food:Restaurant                          22.40 USD

2021-04-01 * "Kin Soy" "Eating out with Natasha"
  Liabilities:US:Chase:Slate                       -28.60 USD
  Expenses:Food:Restaurant                          28.60 USD

2021-04-02 * "Goba Goba" "Eating out alone"
  Liabilities:US:Chase:Slate                       -57.79 USD
  Expenses:Food:Restaurant                          57.79 USD

2021-04-04 * "Metro Transport Authority" "Tram tickets"
  Liabilities:US:Chase:Slate                      -120.00 USD
  Expenses:Transport:Tram                          120.00 USD

2021-04-07 * "Chichipotle" "Eating out with Julie"
  Liabilities:US:Chase:Slate                       -21.24 USD
  Expenses:Food:Restaurant                          21.24 USD

2021-04-07 * "Chase:Slate" "Paying off credit card"
  Liabilities:US:Chase:Slate                       622.09 USD
  Assets:US:BofA:Checking                         -622.09 USD

2021-04-09 * "Jewel of Morroco" "Eating out with work buddies"
  Liabilities:US:Chase:Slate                       -20.32 USD
  Expenses:Food:Restaurant                          20.32 USD

2021-04-11 * "Jewel of Morroco" "Eating out alone"
  Liabilities:US:Chase:Slate                       -36.38 USD
  Expenses:Food:Restaurant                          36.38 USD

2021-04-14 * "China Garden" "Eating out after work"
  Liabilities:US:Chase:Slate                       -22.33 USD
  Expenses:Food:Restaurant                          22.33 USD

2021-04-15 * "China Garden" "Eating out with work buddies"
  Liabilities:US:Chase:Slate                       -19.48 USD
  Expenses:Food:Restaurant                          19.48 USD

2021-04-15 * "Onion Market" "Buying groceries"
  Liabilities:US:Chase:Slate                       -86.05 USD
  Expenses:Food:Groceries                           86.05 USD

2021-04-17 * "Jewel of Morroco" "Eating out with Joe"
  Liabilities:US:Chase:Slate                       -22.99 USD
  Expenses:Food:Restaurant                          22.99 USD

2021-04-22 * "Kin Soy" "Eating out with Julie"
  Liabilities:US:Chase:Slate                       -20.10 USD
  Expenses:Food:Restaurant                          20.10 USD

2021-04-23 balance Liabilities:US:Chase:Slate     -227.65 USD

2021-04-23 * "Farmer Fresh" "Buying groceries"
  Liabilities:US:Chase:Slate                       -67.48 USD
  Expenses:Food:Groceries                           67.48 USD

2021-04-27 * "Kin Soy" "Eating out alone"
  Liabilities:US:Chase:Slate                       -35.73 USD
  Expenses:Food:Restaurant                          35.73 USD

2021-04-29 * "China Garden" "Eating out alone"
  Liabilities:US:Chase:Slate                       -18.25 USD
  Expenses:Food:Restaurant                          18.25 USD

2021-04-30 * "Good Moods Market" "Buying groceries"
  Liabilities:US:Chase:Slate                       -84.36 USD
  Expenses:Food:Groceries                           84.36 USD

2021-05-03 * "Jewel of Morroco" "Eating out with work buddies"
  Liabilities:US:Chase:Slate                       -30.57 USD
  Expenses:Food:Restaurant                          30.57 USD

2021-05-07 * "Metro Transport Authority" "Tram tickets"
  Liabilities:US:Chase:Slate                      -120.00 USD
  Expenses:Transport:Tram                          120.00 USD

2021-05-08 * "Rose Flower" "Eating out "
  Liabilities:US:Chase:Slate                       -53.55 USD
  Expenses:Food:Restaurant                          53.55 USD

2021-05-10 * "Chase:Slate" "Paying off credit card"
  Liabilities:US:Chase:Slate                       696.39 USD
  Assets:US:BofA:Checking                         -696.39 USD

2021-05-13 * "Uncle Boons" "Eating out after work"
  Liabilities:US:Chase:Slate                       -58.80 USD
  Expenses:Food:Restaurant                          58.80 USD

2021-05-16 * "Corner Deli" "Buying groceries"
  Liabilities:US:Chase:Slate                       -50.11 USD
  Expenses:Food:Groceries                           50.11 USD

2021-05-17 * "Kin Soy" "Eating out with Julie"
  Liabilities:US:Chase:Slate                       -17.52 USD
  Expenses:Food:Restaurant                          17.52 USD

2021-05-19 balance Liabilities:US:Chase:Slate      -67.63 USD

2021-05-19 * "Rose Flower" "Eating out with Bill"
  Liabilities:US:Chase:Slate                       -22.03 USD
  Expenses:Food:Restaurant                          22.03 USD

2021-05-20 * "China Garden" "Eating out with Joe"
  Liabilities:US:Chase:Slate                       -18.92 USD
  Expenses:Food:Restaurant                          18.92 USD

2021-05-22 * "Chichipotle" "Eating out alone"
  Liabilities:US:Chase:Slate                       -28.83 USD
  Expenses:Food:Restaurant                          28.83 USD

2021-05-23 * "Goba Goba" "Eating out with work buddies"
  Liabilities:US:Chase:Slate                       -27.33 USD
  Expenses:Food:Restaurant                          27.33 USD

2021-05-25 * "Kin Soy" "Eating out with Julie"
  Liabilities:US:Chase:Slate                       -29.99 USD
  Expenses:Food:Restaurant                          29.99 USD

2021-05-28 * "Goba Goba" "Eating out alone"
  Liabilities:US:Chase:Slate                       -32.02 USD
  Expenses:Food:Restaurant                          32.02 USD

2021-05-28 * "Good Moods Market" "Buying groceries"
  Liabilities:US:Chase:Slate                      -121.30 USD
  Expenses:Food:Groceries                          121.30 USD

2021-05-29 * "Rose Flower" "Eating out with Bill"
  Liabilities:US:Chase:Slate                       -18.94 USD
  Expenses:Food:Restaurant                          18.94 USD

2021-05-31 * "Cafe Modagor" "Eating out with Julie"
  Liabilities:US:Chase:Slate                       -41.05 USD
  Expenses:Food:Restaurant                          41.05 USD

2021-06-02 * "Corner Deli" "Buying groceries"
  Liabilities:US:Chase:Slate                       -89.36 USD
  Expenses:Food:Groceries                           89.36 USD

2021-06-03 * "Metro Transport Authority" "Tram tickets"
  Liabilities:US:Chase:Slate                      -120.00 USD
  Expenses:Transport:Tram                          120.00 USD

2021-06-05 * "Rose Flower" "Eating out alone"
  Liabilities:US:Chase:Slate                       -37.51 USD
  Expenses:Food:Restaurant                          37.51 USD

2021-06-07 * "Chase:Slate" "Paying off credit card"
  Liabilities:US:Chase:Slate                       703.12 USD
  Assets:US:BofA:Checking                         -703.12 USD

2021-06-08 * "Cafe Modagor" "Eating out with Julie"
  Liabilities:US:Chase:Slate                       -48.21 USD
  Expenses:Food:Restaurant                          48.21 USD

2021-06-11 balance Liabilities:US:Chase:Slate           0 USD

2021-06-11 * "Kin Soy" "Eating out after work"
  Liabilities:US:Chase:Slate                       -26.07 USD
  Expenses:Food:Restaurant                          26.07 USD

2021-06-15 * "Uncle Boons" "Eating out "
  Liabilities:US:Chase:Slate                       -29.58 USD
  Expenses:Food:Restaurant                          29.58 USD

2021-06-16 * "Goba Goba" "Eating out with Joe"
  Liabilities:US:Chase:Slate                       -34.01 USD
  Expenses:Food:Restaurant                          34.01 USD

2021-06-18 * "Chichipotle" "Eating out with Bill"
  Liabilities:US:Chase:Slate                       -32.21 USD
  Expenses:Food:Restaurant                          32.21 USD

2021-06-18 * "Onion Market" "Buying groceries"
  Liabilities:US:Chase:Slate                      -129.36 USD
  Expenses:Food:Groceries                          129.36 USD

2021-06-21 * "Jewel of Morroco" "Eating out with work buddies"
  Liabilities:US:Chase:Slate                       -39.94 USD
  Expenses:Food:Restaurant                          39.94 USD

2021-06-22 * "China Garden" "Eating out with Natasha"
  Liabilities:US:Chase:Slate                       -21.59 USD
  Expenses:Food:Restaurant                          21.59 USD

2021-06-25 * "Farmer Fresh" "Buying groceries"
  Liabilities:US:Chase:Slate                       -59.01 USD
  Expenses:Food:Groceries                           59.01 USD

2021-06-26 * "Goba Goba" "Eating out "
  Liabilities:US:Chase:Slate                       -32.05 USD
  Expenses:Food:Restaurant                          32.05 USD

2021-06-27 * "Kin Soy" "Eating out after work"
  Liabilities:US:Chase:Slate                       -19.54 USD
  Expenses:Food:Restaurant                          19.54 USD

2021-07-01 * "Metro Transport Authority" "Tram tickets"
  Liabilities:US:Chase:Slate                      -120.00 USD
  Expenses:Transport:Tram                          120.00 USD

2021-07-02 * "Chichipotle" "Eating out "
  Liabilities:US:Chase:Slate                       -38.41 USD
  Expenses:Food:Restaurant                          38.41 USD

2021-07-03 * "Goba Goba" "Eating out with work buddies"
  Liabilities:US:Chase:Slate                       -13.95 USD
  Expenses:Food:Restaurant                          13.95 USD

2021-07-07 * "Cafe Modagor" "Eating out with Joe"
  Liabilities:US:Chase:Slate                       -41.03 USD
  Expenses:Food:Restaurant                          41.03 USD

2021-07-08 balance Liabilities:US:Chase:Slate     -636.75 USD

2021-07-09 * "Chase:Slate" "Paying off credit card"
  Liabilities:US:Chase:Slate                       672.55 USD
  Assets:US:BofA:Checking                         -672.55 USD

2021-07-10 * "Uncle Boons" "Eating out with work buddies"
  Liabilities:US:Chase:Slate                       -35.80 USD
  Expenses:Food:Restaurant                          35.80 USD

2021-07-14 * "Onion Market" "Buying groceries"
  Liabilities:US:Chase:Slate                       -69.53 USD
  Expenses:Food:Groceries                           69.53 USD

2021-07-15 * "China Garden" "Eating out with work buddies"
  Liabilities:US:Chase:Slate                       -27.52 USD
  Expenses:Food:Restaurant                          27.52 USD

2021-07-19 * "Uncle Boons" "Eating out with Joe"
  Liabilities:US:Chase:Slate                       -43.06 USD
  Expenses:Food:Restaurant                          43.06 USD

2021-07-21 * "Rose Flower" "Eating out alone"
  Liabilities:US:Chase:Slate                       -21.38 USD
  Expenses:Food:Restaurant                          21.38 USD

2021-07-26 * "China Garden" "Eating out with Natasha"
  Liabilities:US:Chase:Slate                       -20.04 USD
  Expenses:Food:Restaurant                          20.04 USD

2021-07-26 * "Corner Deli" "Buying groceries"
  Liabilities:US:Chase:Slate                       -88.96 USD
  Expenses:Food:Groceries                           88.96 USD

2021-07-27 * "Jewel of Morroco" "Eating out with Natasha"
  Liabilities:US:Chase:Slate                       -23.38 USD
  Expenses:Food:Restaurant                          23.38 USD

2021-07-29 * "Goba Goba" "Eating out with work buddies"
  Liabilities:US:Chase:Slate                       -23.92 USD
  Expenses:Food:Restaurant                          23.92 USD

2021-07-31 * "Rose Flower" "Eating out after work"
  Liabilities:US:Chase:Slate                       -20.12 USD
  Expenses:Food:Restaurant                          20.12 USD

2021-08-01 * "China Garden" "Eating out with Joe"
  Liabilities:US:Chase:Slate                       -29.54 USD
  Expenses:Food:Restaurant                          29.54 USD

2021-08-01 * "Metro Transport Authority" "Tram tickets"
  Liabilities:US:Chase:Slate                      -120.00 USD
  Expenses:Transport:Tram                          120.00 USD

2021-08-02 balance Liabilities:US:Chase:Slate     -487.45 USD

2021-08-02 * "Goba Goba" "Eating out with Julie"
  Liabilities:US:Chase:Slate                       -22.97 USD
  Expenses:Food:Restaurant                          22.97 USD

2021-08-06 * "Uncle Boons" "Eating out with Bill"
  Liabilities:US:Chase:Slate                       -24.51 USD
  Expenses:Food:Restaurant                          24.51 USD

2021-08-08 * "Jewel of Morroco" "Eating out with Bill"
  Liabilities:US:Chase:Slate                       -19.65 USD
  Expenses:Food:Restaurant                          19.65 USD

2021-08-09 * "Corner Deli" "Buying groceries"
  Liabilities:US:Chase:Slate                       -84.85 USD
  Expenses:Food:Groceries                           84.85 USD

2021-08-10 * "Chase:Slate" "Paying off credit card"
  Liabilities:US:Chase:Slate                       683.23 USD
  Assets:US:BofA:Checking                         -683.23 USD

2021-08-13 * "China Garden" "Eating out with Natasha"
  Liabilities:US:Chase:Slate                       -43.80 USD
  Expenses:Food:Restaurant                          43.80 USD

2021-08-14 * "Goba Goba" "Eating out alone"
  Liabilities:US:Chase:Slate                       -19.98 USD
  Expenses:Food:Restaurant                          19.98 USD

2021-08-19 * "Uncle Boons" "Eating out with Natasha"
  Liabilities:US:Chase:Slate                       -35.09 USD
  Expenses:Food:Restaurant                          35.09 USD

2021-08-20 * "Jewel of Morroco" "Eating out "
  Liabilities:US:Chase:Slate                       -55.80 USD
  Expenses:Food:Restaurant                          55.80 USD

2021-08-21 * "Rose Flower" "Eating out with work buddies"
  Liabilities:US:Chase:Slate                       -30.07 USD
  Expenses:Food:Restaurant                          30.07 USD

2021-08-22 * "Goba Goba" "Eating out with Bill"
  Liabilities:US:Chase:Slate                       -27.27 USD
  Expenses:Food:Restaurant                          27.27 USD

2021-08-22 * "Corner Deli" "Buying groceries"
  Liabilities:US:Chase:Slate                       -77.95 USD
  Expenses:Food:Groceries                           77.95 USD

2021-08-24 * "Rose Flower" "Eating out with work buddies"
  Liabilities:US:Chase:Slate                       -27.98 USD
  Expenses:Food:Restaurant                          27.98 USD

2021-08-25 * "China Garden" "Eating out after work"
  Liabilities:US:Chase:Slate                       -32.00 USD
  Expenses:Food:Restaurant                          32.00 USD

2021-08-26 * "China Garden" "Eating out after work"
  Liabilities:US:Chase:Slate                       -35.48 USD
  Expenses:Food:Restaurant                          35.48 USD

2021-08-28 * "Uncle Boons" "Eating out with work buddies"
  Liabilities:US:Chase:Slate                       -61.70 USD
  Expenses:Food:Restaurant                          61.70 USD

2021-08-30 balance Liabilities:US:Chase:Slate     -403.32 USD

2021-08-30 * "Metro Transport Authority" "Tram tickets"
  Liabilities:US:Chase:Slate                      -120.00 USD
  Expenses:Transport:Tram                          120.00 USD

2021-08-31 * "Uncle Boons" "Eating out "
  Liabilities:US:Chase:Slate                       -65.96 USD
  Expenses:Food:Restaurant                          65.96 USD

2021-09-02 * "Rose Flower" "Eating out with Bill"
  Liabilities:US:Chase:Slate                       -18.91 USD
  Expenses:Food:Restaurant                          18.91 USD

2021-09-04 * "Goba Goba" "Eating out with Natasha"
  Liabilities:US:Chase:Slate                       -39.38 USD
  Expenses:Food:Restaurant                          39.38 USD

2021-09-05 * "Corner Deli" "Buying groceries"
  Liabilities:US:Chase:Slate                       -71.68 USD
  Expenses:Food:Groceries                           71.68 USD

2021-09-07 * "Kin Soy" "Eating out with Julie"
  Liabilities:US:Chase:Slate                       -21.81 USD
  Expenses:Food:Restaurant                          21.81 USD

2021-09-10 * "Chase:Slate" "Paying off credit card"
  Liabilities:US:Chase:Slate                       774.03 USD
  Assets:US:BofA:Checking                         -774.03 USD

2021-09-12 * "Goba Goba" "Eating out with Julie"
  Liabilities:US:Chase:Slate                       -32.97 USD
  Expenses:Food:Restaurant                          32.97 USD

2021-09-15 * "Cafe Modagor" "Eating out with Joe"
  Liabilities:US:Chase:Slate                       -11.71 USD
  Expenses:Food:Restaurant                          11.71 USD

2021-09-18 * "Uncle Boons" "Eating out with work buddies"
  Liabilities:US:Chase:Slate                       -47.01 USD
  Expenses:Food:Restaurant                          47.01 USD

2021-09-19 * "Onion Market" "Buying groceries"
  Liabilities:US:Chase:Slate                       -85.83 USD
  Expenses:Food:Groceries                           85.83 USD

2021-09-23 * "Rose Flower" "Eating out "
  Liabilities:US:Chase:Slate                       -20.91 USD
  Expenses:Food:Restaurant                          20.91 USD

2021-09-24 * "Jewel of Morroco" "Eating out with Joe"
  Liabilities:US:Chase:Slate                       -38.50 USD
  Expenses:Food:Restaurant                          38.50 USD

2021-09-24 * "Corner Deli" "Buying groceries"
  Liabilities:US:Chase:Slate                       -74.87 USD
  Expenses:Food:Groceries                           74.87 USD

2021-09-25 balance Liabilities:US:Chase:Slate     -278.83 USD

2021-09-28 * "Jewel of Morroco" "Eating out with work buddies"
  Liabilities:US:Chase:Slate                       -62.41 USD
  Expenses:Food:Restaurant                          62.41 USD

2021-09-30 * "Kin Soy" "Eating out with Bill"
  Liabilities:US:Chase:Slate                       -45.28 USD
  Expenses:Food:Restaurant                          45.28 USD

2021-09-30 * "Onion Market" "Buying groceries"
  Liabilities:US:Chase:Slate                      -102.27 USD
  Expenses:Food:Groceries                          102.27 USD

2021-09-30 * "Metro Transport Authority" "Tram tickets"
  Liabilities:US:Chase:Slate                      -120.00 USD
  Expenses:Transport:Tram                          120.00 USD

2021-10-01 * "Rose Flower" "Eating out after work"
  Liabilities:US:Chase:Slate                       -20.53 USD
  Expenses:Food:Restaurant                          20.53 USD

2021-10-04 * "Kin Soy" "Eating out with work buddies"
  Liabilities:US:Chase:Slate                       -18.21 USD
  Expenses:Food:Restaurant                          18.21 USD

2021-10-06 * "Uncle Boons" "Eating out with Natasha"
  Liabilities:US:Chase:Slate                       -43.98 USD
  Expenses:Food:Restaurant                          43.98 USD

2021-10-08 * "Uncle Boons" "Eating out with work buddies"
  Liabilities:US:Chase:Slate                       -56.81 USD
  Expenses:Food:Restaurant                          56.81 USD

2021-10-09 * "Chase:Slate" "Paying off credit card"
  Liabilities:US:Chase:Slate                       787.90 USD
  Assets:US:BofA:Checking                         -787.90 USD

2021-10-13 * "China Garden" "Eating out with Natasha"
  Liabilities:US:Chase:Slate                       -39.58 USD
  Expenses:Food:Restaurant                          39.58 USD

2021-10-14 * "Onion Market" "Buying groceries"
  Liabilities:US:Chase:Slate                      -111.51 USD
  Expenses:Food:Groceries                          111.51 USD

2021-10-16 event "location" "San Francisco"

2021-10-17 * "Mission Chinese Food" "" #trip-san-francisco-2021
  Liabilities:US:Chase:Slate                       -24.81 USD
  Expenses:Food:Restaurant                          24.81 USD

2021-10-18 * "Starbucks" "" #trip-san-francisco-2021
  Liabilities:US:Chase:Slate                        -6.01 USD
  Expenses:Food:Coffee                               6.01 USD

2021-10-19 balance Liabilities:US:Chase:Slate     -142.33 USD

2021-10-19 * "Bar Crudo" "" #trip-san-francisco-2021
  Liabilities:US:Chase:Slate                       -77.47 USD
  Expenses:Food:Restaurant                          77.47 USD

2021-10-20 * "Mission Chinese Food" "" #trip-san-francisco-2021
  Liabilities:US:Chase:Slate                       -30.02 USD
  Expenses:Food:Restaurant                          30.02 USD

2021-10-21 * "Bar Crudo" "" #trip-san-francisco-2021
  Liabilities:US:Chase:Slate                       -65.14 USD
  Expenses:Food:Restaurant                          65.14 USD

2021-10-21 * "Pizza Delfina" "" #trip-san-francisco-2021
  Liabilities:US:Chase:Slate                       -20.56 USD
  Expenses:Food:Restaurant                          20.56 USD

2021-10-21 * "Mission Chinese Food" "" #trip-san-francisco-2021
  Liabilities:US:Chase:Slate                       -23.66 USD
  Expenses:Food:Restaurant                          23.66 USD

2021-10-21 * "Starbucks" "" #trip-san-francisco-2021
  Liabilities:US:Chase:Slate                        -6.83 USD
  Expenses:Food:Coffee                               6.83 USD

2021-10-22 * "Bar Crudo" "" #trip-san-francisco-2021
  Liabilities:US:Chase:Slate                       -62.54 USD
  Expenses:Food:Restaurant                          62.54 USD

2021-10-22 * "Pizza Delfina" "" #trip-san-francisco-2021
  Liabilities:US:Chase:Slate                       -19.79 USD
  Expenses:Food:Restaurant                          19.79 USD

2021-10-23 * "Bar Crudo" "" #trip-san-francisco-2021
  Liabilities:US:Chase:Slate                       -79.18 USD
  Expenses:Food:Restaurant                          79.18 USD

2021-10-23 * "Mission Chinese Food" "" #trip-san-francisco-2021
  Liabilities:US:Chase:Slate                       -25.08 USD
  Expenses:Food:Restaurant                          25.08 USD

2021-10-24 * "Mission Chinese Food" "" #trip-san-francisco-2021
  Liabilities:US:Chase:Slate                       -28.92 USD
  Expenses:Food:Restaurant                          28.92 USD

2021-10-24 * "Starbucks" "" #trip-san-francisco-2021
  Liabilities:US:Chase:Slate                        -5.68 USD
  Expenses:Food:Coffee                               5.68 USD

2021-10-25 * "Bar Crudo" "" #trip-san-francisco-2021
  Liabilities:US:Chase:Slate                       -72.09 USD
  Expenses:Food:Restaurant                          72.09 USD

2021-10-25 * "Waterbar" "" #trip-san-francisco-2021
  Liabilities:US:Chase:Slate                       -51.41 USD
  Expenses:Food:Restaurant                          51.41 USD

2021-10-25 * "Mission Chinese Food" "" #trip-san-francisco-2021
  Liabilities:US:Chase:Slate                       -31.07 USD
  Expenses:Food:Restaurant                          31.07 USD

2021-10-26 * "Bar Crudo" "" #trip-san-francisco-2021
  Liabilities:US:Chase:Slate                       -76.92 USD
  Expenses:Food:Restaurant                          76.92 USD

2021-10-26 * "Waterbar" "" #trip-san-francisco-2021
  Liabilities:US:Chase:Slate                       -36.72 USD
  Expenses:Food:Restaurant                          36.72 USD

2021-10-26 * "Mission Chinese Food" "" #trip-san-francisco-2021
  Liabilities:US:Chase:Slate                       -23.35 USD
  Expenses:Food:Restaurant                          23.35 USD

2021-10-26 * "Starbucks" "" #trip-san-francisco-2021
  Liabilities:US:Chase:Slate                        -4.57 USD
  Expenses:Food:Coffee                               4.57 USD

2021-10-27 * "Mission Chinese Food" "" #trip-san-francisco-2021
  Liabilities:US:Chase:Slate                       -23.92 USD
  Expenses:Food:Restaurant                          23.92 USD

2021-10-28 * "Pizza Delfina" "" #trip-san-francisco-2021
  Liabilities:US:Chase:Slate                       -21.57 USD
  Expenses:Food:Restaurant                          21.57 USD

2021-10-28 * "Starbucks" "" #trip-san-francisco-2021
  Liabilities:US:Chase:Slate                        -5.61 USD
  Expenses:Food:Coffee                               5.61 USD

2021-10-29 * "Bar Crudo" "" #trip-san-francisco-2021
  Liabilities:US:Chase:Slate                       -76.26 USD
  Expenses:Food:Restaurant                          76.26 USD

2021-10-29 * "Pizza Delfina" "" #trip-san-francisco-2021
  Liabilities:US:Chase:Slate                       -18.76 USD
  Expenses:Food:Restaurant                          18.76 USD

2021-10-30 * "Bar Crudo" "" #trip-san-francisco-2021
  Liabilities:US:Chase:Slate                       -65.06 USD
  Expenses:Food:Restaurant                          65.06 USD

2021-10-30 * "Waterbar" "" #trip-san-francisco-2021
  Liabilities:US:Chase:Slate                       -53.72 USD
  Expenses:Food:Restaurant                          53.72 USD

2021-10-30 * "Starbucks" "" #trip-san-francisco-2021
  Liabilities:US:Chase:Slate                        -5.44 USD
  Expenses:Food:Coffee                               5.44 USD

2021-10-31 * "Bar Crudo" "" #trip-san-francisco-2021
  Liabilities:US:Chase:Slate                       -73.64 USD
  Expenses:Food:Restaurant                          73.64 USD

2021-10-31 * "Pizza Delfina" "" #trip-san-francisco-2021
  Liabilities:US:Chase:Slate                       -19.42 USD
  Expenses:Food:Restaurant                          19.42 USD

2021-11-01 * "Bar Crudo" "" #trip-san-francisco-2021
  Liabilities:US:Chase:Slate                       -83.00 USD
  Expenses:Food:Restaurant                          83.00 USD

2021-11-02 * "Waterbar" "" #trip-san-francisco-2021
  Liabilities:US:Chase:Slate                       -50.66 USD
  Expenses:Food:Restaurant                          50.66 USD

2021-11-02 * "Starbucks" "" #trip-san-francisco-2021
  Liabilities:US:Chase:Slate                        -5.36 USD
  Expenses:Food:Coffee                               5.36 USD

2021-11-02 * "Consume vacation days"
  Assets:US:Hoogle:Vacation                          -136 VACHR
  Expenses:Vacation                                   136 VACHR

2021-11-02 event "location" "New Metropolis"

2021-11-05 * "Chichipotle" "Eating out with work buddies"
  Liabilities:US:Chase:Slate                       -46.14 USD
  Expenses:Food:Restaurant                          46.14 USD

2021-11-07 * "Chichipotle" "Eating out "
  Liabilities:US:Chase:Slate                       -22.06 USD
  Expenses:Food:Restaurant                          22.06 USD

2021-11-08 * "Corner Deli" "Buying groceries"
  Liabilities:US:Chase:Slate                       -77.18 USD
  Expenses:Food:Groceries                           77.18 USD

2021-11-09 * "Chichipotle" "Eating out "
  Liabilities:US:Chase:Slate                       -41.91 USD
  Expenses:Food:Restaurant                          41.91 USD

2021-11-09 * "Chase:Slate" "Paying off credit card"
  Liabilities:US:Chase:Slate                       298.80 USD
  Assets:US:BofA:Checking                         -298.80 USD

2021-11-10 * "Uncle Boons" "Eating out with Bill"
  Liabilities:US:Chase:Slate                       -59.47 USD
  Expenses:Food:Restaurant                          59.47 USD

2021-11-12 * "Uncle Boons" "Eating out with Joe"
  Liabilities:US:Chase:Slate                       -40.51 USD
  Expenses:Food:Restaurant                          40.51 USD

2021-11-16 balance Liabilities:US:Chase:Slate    -1374.22 USD

2021-11-17 * "Jewel of Morroco" "Eating out "
  Liabilities:US:Chase:Slate                       -34.53 USD
  Expenses:Food:Restaurant                          34.53 USD

2021-11-19 * "Corner Deli" "Buying groceries"
  Liabilities:US:Chase:Slate                       -60.79 USD
  Expenses:Food:Groceries                           60.79 USD

2021-11-20 * "Uncle Boons" "Eating out with Bill"
  Liabilities:US:Chase:Slate                       -19.29 USD
  Expenses:Food:Restaurant                          19.29 USD

2021-11-23 * "Uncle Boons" "Eating out with Natasha"
  Liabilities:US:Chase:Slate                       -24.86 USD
  Expenses:Food:Restaurant                          24.86 USD

2021-11-28 * "Goba Goba" "Eating out after work"
  Liabilities:US:Chase:Slate                       -46.26 USD
  Expenses:Food:Restaurant                          46.26 USD

2021-12-02 * "Uncle Boons" "Eating out "
  Liabilities:US:Chase:Slate                       -30.03 USD
  Expenses:Food:Restaurant                          30.03 USD

2021-12-02 * "Metro Transport Authority" "Tram tickets"
  Liabilities:US:Chase:Slate                      -120.00 USD
  Expenses:Transport:Tram                          120.00 USD

2021-12-03 * "Jewel of Morroco" "Eating out with Julie"
  Liabilities:US:Chase:Slate                       -16.56 USD
  Expenses:Food:Restaurant                          16.56 USD

2021-12-07 * "Chichipotle" "Eating out "
  Liabilities:US:Chase:Slate                       -24.52 USD
  Expenses:Food:Restaurant                          24.52 USD

2021-12-07 * "Chase:Slate" "Paying off credit card"
  Liabilities:US:Chase:Slate                       476.82 USD
  Assets:US:BofA:Checking                         -476.82 USD

2021-12-09 * "Onion Market" "Buying groceries"
  Liabilities:US:Chase:Slate                       -95.96 USD
  Expenses:Food:Groceries                           95.96 USD

2021-12-10 * "Goba Goba" "Eating out with Bill"
  Liabilities:US:Chase:Slate                       -65.29 USD
  Expenses:Food:Restaurant                          65.29 USD

2021-12-11 balance Liabilities:US:Chase:Slate    -1435.49 USD

2021-12-11 * "Jewel of Morroco" "Eating out with Julie"
  Liabilities:US:Chase:Slate                       -30.85 USD
  Expenses:Food:Restaurant                          30.85 USD

2021-12-15 * "Kin Soy" "Eating out with work buddies"
  Liabilities:US:Chase:Slate                       -22.25 USD
  Expenses:Food:Restaurant                          22.25 USD

2021-12-16 * "Kin Soy" "Eating out with Joe"
  Liabilities:US:Chase:Slate                       -20.07 USD
  Expenses:Food:Restaurant                          20.07 USD

2021-12-18 * "Uncle Boons" "Eating out with Bill"
  Liabilities:US:Chase:Slate                       -27.09 USD
  Expenses:Food:Restaurant                          27.09 USD

2021-12-22 * "Cafe Modagor" "Eating out with work buddies"
  Liabilities:US:Chase:Slate                       -22.69 USD
  Expenses:Food:Restaurant                          22.69 USD

2021-12-26 * "China Garden" "Eating out with Natasha"
  Liabilities:US:Chase:Slate                       -61.59 USD
  Expenses:Food:Restaurant                          61.59 USD

2021-12-27 * "Uncle Boons" "Eating out with Bill"
  Liabilities:US:Chase:Slate                       -40.88 USD
  Expenses:Food:Restaurant                          40.88 USD

2021-12-28 * "Jewel of Morroco" "Eating out with Julie"
  Liabilities:US:Chase:Slate                       -35.03 USD
  Expenses:Food:Restaurant                          35.03 USD

2021-12-29 * "Good Moods Market" "Buying groceries"
  Liabilities:US:Chase:Slate                       -77.32 USD
  Expenses:Food:Groceries                           77.32 USD

2021-12-31 * "Goba Goba" "Eating out with Natasha"
  Liabilities:US:Chase:Slate                       -50.22 USD
  Expenses:Food:Restaurant                          50.22 USD

2022-01-01 * "Metro Transport Authority" "Tram tickets"
  Liabilities:US:Chase:Slate                      -120.00 USD
  Expenses:Transport:Tram                          120.00 USD

2022-01-02 balance Liabilities:US:Chase:Slate    -1943.48 USD

2022-01-04 * "Rose Flower" "Eating out with Natasha"
  Liabilities:US:Chase:Slate                       -49.39 USD
  Expenses:Food:Restaurant                          49.39 USD

2022-01-07 * "Corner Deli" "Buying groceries"
  Liabilities:US:Chase:Slate                       -44.01 USD
  Expenses:Food:Groceries                           44.01 USD

2022-01-07 * "Chase:Slate" "Paying off credit card"
  Liabilities:US:Chase:Slate                       762.64 USD
  Assets:US:BofA:Checking                         -762.64 USD

2022-01-08 * "Goba Goba" "Eating out after work"
  Liabilities:US:Chase:Slate                       -40.00 USD
  Expenses:Food:Restaurant                          40.00 USD

2022-01-10 * "China Garden" "Eating out with work buddies"
  Liabilities:US:Chase:Slate                       -37.68 USD
  Expenses:Food:Restaurant                          37.68 USD

2022-01-13 * "Rose Flower" "Eating out "
  Liabilities:US:Chase:Slate                       -33.42 USD
  Expenses:Food:Restaurant                          33.42 USD

2022-01-14 * "Rose Flower" "Eating out with Natasha"
  Liabilities:US:Chase:Slate                       -23.34 USD
  Expenses:Food:Restaurant                          23.34 USD

2022-01-19 * "Goba Goba" "Eating out alone"
  Liabilities:US:Chase:Slate                       -27.34 USD
  Expenses:Food:Restaurant                          27.34 USD

2022-01-23 * "Jewel of Morroco" "Eating out with Natasha"
  Liabilities:US:Chase:Slate                       -24.67 USD
  Expenses:Food:Restaurant                          24.67 USD

2022-01-24 * "Cafe Modagor" "Eating out "
  Liabilities:US:Chase:Slate                       -37.44 USD
  Expenses:Food:Restaurant                          37.44 USD

2022-01-26 * "Good Moods Market" "Buying groceries"
  Liabilities:US:Chase:Slate                       -97.33 USD
  Expenses:Food:Groceries                           97.33 USD

2022-01-27 balance Liabilities:US:Chase:Slate    -1595.46 USD

2022-01-29 * "Uncle Boons" "Eating out with Natasha"
  Liabilities:US:Chase:Slate                       -44.48 USD
  Expenses:Food:Restaurant                          44.48 USD

2022-01-30 * "Metro Transport Authority" "Tram tickets"
  Liabilities:US:Chase:Slate                      -120.00 USD
  Expenses:Transport:Tram                          120.00 USD

2022-01-31 * "Chichipotle" "Eating out with Natasha"
  Liabilities:US:Chase:Slate                       -21.53 USD
  Expenses:Food:Restaurant                          21.53 USD

2022-02-04 * "Farmer Fresh" "Buying groceries"
  Liabilities:US:Chase:Slate                       -73.61 USD
  Expenses:Food:Groceries                           73.61 USD

2022-02-05 * "Uncle Boons" "Eating out with Joe"
  Liabilities:US:Chase:Slate                       -18.53 USD
  Expenses:Food:Restaurant                          18.53 USD

2022-02-07 * "Chase:Slate" "Paying off credit card"
  Liabilities:US:Chase:Slate                       619.89 USD
  Assets:US:BofA:Checking                         -619.89 USD

2022-02-08 * "Kin Soy" "Eating out with Natasha"
  Liabilities:US:Chase:Slate                       -20.52 USD
  Expenses:Food:Restaurant                          20.52 USD

2022-02-10 * "Kin Soy" "Eating out alone"
  Liabilities:US:Chase:Slate                       -66.79 USD
  Expenses:Food:Restaurant                          66.79 USD

2022-02-14 * "Goba Goba" "Eating out with Joe"
  Liabilities:US:Chase:Slate                       -98.18 USD
  Expenses:Food:Restaurant                          98.18 USD

2022-02-16 balance Liabilities:US:Chase:Slate    -1439.21 USD

2022-02-19 * "Rose Flower" "Eating out after work"
  Liabilities:US:Chase:Slate                       -30.78 USD
  Expenses:Food:Restaurant                          30.78 USD

2022-02-20 * "Cafe Modagor" "Eating out with Natasha"
  Liabilities:US:Chase:Slate                       -26.14 USD
  Expenses:Food:Restaurant                          26.14 USD

2022-02-23 * "Farmer Fresh" "Buying groceries"
  Liabilities:US:Chase:Slate                       -66.30 USD
  Expenses:Food:Groceries                           66.30 USD

2022-02-24 * "Jewel of Morroco" "Eating out with Julie"
  Liabilities:US:Chase:Slate                       -27.44 USD
  Expenses:Food:Restaurant                          27.44 USD

2022-03-01 * "Uncle Boons" "Eating out with Bill"
  Liabilities:US:Chase:Slate                       -25.71 USD
  Expenses:Food:Restaurant                          25.71 USD

2022-03-04 * "Metro Transport Authority" "Tram tickets"
  Liabilities:US:Chase:Slate                      -120.00 USD
  Expenses:Transport:Tram                          120.00 USD

2022-03-06 * "Uncle Boons" "Eating out with Natasha"
  Liabilities:US:Chase:Slate                       -45.04 USD
  Expenses:Food:Restaurant                          45.04 USD

2022-03-07 * "Chichipotle" "Eating out with Julie"
  Liabilities:US:Chase:Slate                       -44.04 USD
  Expenses:Food:Restaurant                          44.04 USD

2022-03-07 * "Onion Market" "Buying groceries"
  Liabilities:US:Chase:Slate                       -73.53 USD
  Expenses:Food:Groceries                           73.53 USD

2022-03-08 * "Uncle Boons" "Eating out with Julie"
  Liabilities:US:Chase:Slate                       -26.55 USD
  Expenses:Food:Restaurant                          26.55 USD

2022-03-11 * "Chase:Slate" "Paying off credit card"
  Liabilities:US:Chase:Slate                       688.97 USD
  Assets:US:BofA:Checking                         -688.97 USD

2022-03-13 * "Cafe Modagor" "Eating out with Natasha"
  Liabilities:US:Chase:Slate                       -38.47 USD
  Expenses:Food:Restaurant                          38.47 USD

2022-03-13 * "Corner Deli" "Buying groceries"
  Liabilities:US:Chase:Slate                       -60.58 USD
  Expenses:Food:Groceries                           60.58 USD

2022-03-15 balance Liabilities:US:Chase:Slate    -1334.82 USD

2022-03-17 * "Uncle Boons" "Eating out with Bill"
  Liabilities:US:Chase:Slate                       -21.43 USD
  Expenses:Food:Restaurant                          21.43 USD

2022-03-20 * "Rose Flower" "Eating out with Natasha"
  Liabilities:US:Chase:Slate                       -45.34 USD
  Expenses:Food:Restaurant                          45.34 USD

2022-03-25 * "Rose Flower" "Eating out with Natasha"
  Liabilities:US:Chase:Slate                       -36.35 USD
  Expenses:Food:Restaurant                          36.35 USD

2022-03-26 * "Corner Deli" "Buying groceries"
  Liabilities:US:Chase:Slate                       -55.96 USD
  Expenses:Food:Groceries                           55.96 USD

2022-03-28 * "Rose Flower" "Eating out with Natasha"
  Liabilities:US:Chase:Slate                       -32.67 USD
  Expenses:Food:Restaurant                          32.67 USD

2022-03-31 * "Goba Goba" "Eating out with Natasha"
  Liabilities:US:Chase:Slate                       -21.41 USD
  Expenses:Food:Restaurant                          21.41 USD

2022-04-02 * "Goba Goba" "Eating out "
  Liabilities:US:Chase:Slate                       -17.09 USD
  Expenses:Food:Restaurant                          17.09 USD

2022-04-05 * "Chichipotle" "Eating out with Natasha"
  Liabilities:US:Chase:Slate                       -25.53 USD
  Expenses:Food:Restaurant                          25.53 USD

2022-04-06 * "Metro Transport Authority" "Tram tickets"
  Liabilities:US:Chase:Slate                      -120.00 USD
  Expenses:Transport:Tram                          120.00 USD

2022-04-08 * "China Garden" "Eating out "
  Liabilities:US:Chase:Slate                       -43.70 USD
  Expenses:Food:Restaurant                          43.70 USD

2022-04-10 balance Liabilities:US:Chase:Slate    -1754.30 USD

2022-04-10 * "Chichipotle" "Eating out with Natasha"
  Liabilities:US:Chase:Slate                       -19.71 USD
  Expenses:Food:Restaurant                          19.71 USD

2022-04-10 * "Chase:Slate" "Paying off credit card"
  Liabilities:US:Chase:Slate                       499.77 USD
  Assets:US:BofA:Checking                         -499.77 USD

2022-04-11 * "Good Moods Market" "Buying groceries"
  Liabilities:US:Chase:Slate                       -87.83 USD
  Expenses:Food:Groceries                           87.83 USD

2022-04-13 * "Jewel of Morroco" "Eating out with Natasha"
  Liabilities:US:Chase:Slate                       -44.24 USD
  Expenses:Food:Restaurant                          44.24 USD

2022-04-16 * "Rose Flower" "Eating out with Bill"
  Liabilities:US:Chase:Slate                       -22.55 USD
  Expenses:Food:Restaurant                          22.55 USD

2022-04-16 * "Farmer Fresh" "Buying groceries"
  Liabilities:US:Chase:Slate                       -81.88 USD
  Expenses:Food:Groceries                           81.88 USD

2022-04-21 * "Goba Goba" "Eating out with Julie"
  Liabilities:US:Chase:Slate                       -25.47 USD
  Expenses:Food:Restaurant                          25.47 USD

2022-04-22 * "Onion Market" "Buying groceries"
  Liabilities:US:Chase:Slate                       -69.94 USD
  Expenses:Food:Groceries                           69.94 USD

2022-04-23 * "Uncle Boons" "Eating out with Natasha"
  Liabilities:US:Chase:Slate                       -33.08 USD
  Expenses:Food:Restaurant                          33.08 USD

2022-04-28 * "Jewel of Morroco" "Eating out with Natasha"
  Liabilities:US:Chase:Slate                       -17.09 USD
  Expenses:Food:Restaurant                          17.09 USD

2022-05-03 * "Kin Soy" "Eating out with Joe"
  Liabilities:US:Chase:Slate                       -48.91 USD
  Expenses:Food:Restaurant                          48.91 USD

2022-05-04 balance Liabilities:US:Chase:Slate    -1705.23 USD

2022-05-04 * "Onion Market" "Buying groceries"
  Liabilities:US:Chase:Slate                       -66.98 USD
  Expenses:Food:Groceries                           66.98 USD

2022-05-05 * "Chichipotle" "Eating out alone"
  Liabilities:US:Chase:Slate                       -28.54 USD
  Expenses:Food:Restaurant                          28.54 USD

2022-05-06 * "Metro Transport Authority" "Tram tickets"
  Liabilities:US:Chase:Slate                      -120.00 USD
  Expenses:Transport:Tram                          120.00 USD

2022-05-07 * "Chase:Slate" "Paying off credit card"
  Liabilities:US:Chase:Slate                       681.50 USD
  Assets:US:BofA:Checking                         -681.50 USD

2022-05-10 * "Cafe Modagor" "Eating out with work buddies"
  Liabilities:US:Chase:Slate                       -34.99 USD
  Expenses:Food:Restaurant                          34.99 USD

2022-05-13 * "Chichipotle" "Eating out "
  Liabilities:US:Chase:Slate                       -35.77 USD
  Expenses:Food:Restaurant                          35.77 USD

2022-05-14 * "Uncle Boons" "Eating out with Natasha"
  Liabilities:US:Chase:Slate                       -50.47 USD
  Expenses:Food:Restaurant                          50.47 USD

2022-05-16 * "China Garden" "Eating out with Natasha"
  Liabilities:US:Chase:Slate                       -20.21 USD
  Expenses:Food:Restaurant                          20.21 USD

2022-05-18 * "Goba Goba" "Eating out with Julie"
  Liabilities:US:Chase:Slate                       -34.22 USD
  Expenses:Food:Restaurant                          34.22 USD

2022-05-21 * "Corner Deli" "Buying groceries"
  Liabilities:US:Chase:Slate                      -148.70 USD
  Expenses:Food:Groceries                          148.70 USD

2022-05-23 * "Chichipotle" "Eating out with Joe"
  Liabilities:US:Chase:Slate                       -18.21 USD
  Expenses:Food:Restaurant                          18.21 USD

2022-05-28 * "Uncle Boons" "Eating out with Joe"
  Liabilities:US:Chase:Slate                       -28.19 USD
  Expenses:Food:Restaurant                          28.19 USD

2022-05-30 balance Liabilities:US:Chase:Slate    -1610.01 USD

2022-05-30 * "Farmer Fresh" "Buying groceries"
  Liabilities:US:Chase:Slate                      -124.87 USD
  Expenses:Food:Groceries                          124.87 USD

2022-05-31 * "Jewel of Morroco" "Eating out with Bill"
  Liabilities:US:Chase:Slate                       -36.23 USD
  Expenses:Food:Restaurant                          36.23 USD

2022-06-03 * "Metro Transport Authority" "Tram tickets"
  Liabilities:US:Chase:Slate                      -120.00 USD
  Expenses:Transport:Tram                          120.00 USD

2022-06-05 * "China Garden" "Eating out alone"
  Liabilities:US:Chase:Slate                       -31.28 USD
  Expenses:Food:Restaurant                          31.28 USD

2022-06-08 * "Chase:Slate" "Paying off credit card"
  Liabilities:US:Chase:Slate                       672.91 USD
  Assets:US:BofA:Checking                         -672.91 USD

2022-06-09 * "Uncle Boons" "Eating out alone"
  Liabilities:US:Chase:Slate                       -24.76 USD
  Expenses:Food:Restaurant                          24.76 USD

2022-06-12 * "Rose Flower" "Eating out with Joe"
  Liabilities:US:Chase:Slate                       -31.11 USD
  Expenses:Food:Restaurant                          31.11 USD

2022-06-13 * "Kin Soy" "Eating out with work buddies"
  Liabilities:US:Chase:Slate                       -49.71 USD
  Expenses:Food:Restaurant                          49.71 USD

2022-06-16 * "Corner Deli" "Buying groceries"
  Liabilities:US:Chase:Slate                       -78.60 USD
  Expenses:Food:Groceries                           78.60 USD

2022-06-18 * "Uncle Boons" "Eating out with Julie"
  Liabilities:US:Chase:Slate                       -26.25 USD
  Expenses:Food:Restaurant                          26.25 USD

2022-06-19 * "Chichipotle" "Eating out with Julie"
  Liabilities:US:Chase:Slate                       -59.84 USD
  Expenses:Food:Restaurant                          59.84 USD

2022-06-23 balance Liabilities:US:Chase:Slate    -1519.75 USD

2022-06-23 * "Cafe Modagor" "Eating out with Julie"
  Liabilities:US:Chase:Slate                       -29.37 USD
  Expenses:Food:Restaurant                          29.37 USD

2022-06-26 * "China Garden" "Eating out with Bill"
  Liabilities:US:Chase:Slate                       -21.20 USD
  Expenses:Food:Restaurant                          21.20 USD

2022-06-27 * "Chichipotle" "Eating out with work buddies"
  Liabilities:US:Chase:Slate                       -24.11 USD
  Expenses:Food:Restaurant                          24.11 USD

2022-06-29 * "Kin Soy" "Eating out with Julie"
  Liabilities:US:Chase:Slate                       -16.02 USD
  Expenses:Food:Restaurant                          16.02 USD

2022-07-01 event "location" "Los Angeles"

2022-07-02 * "Mr. Marcel" "" #trip-los-angeles-2022
  Liabilities:US:Chase:Slate                       -47.45 USD
  Expenses:Food:Restaurant                          47.45 USD

2022-07-02 * "Dupar's" "" #trip-los-angeles-2022
  Liabilities:US:Chase:Slate                       -26.76 USD
  Expenses:Food:Restaurant                          26.76 USD

2022-07-02 * "Pampas Grill" "" #trip-los-angeles-2022
  Liabilities:US:Chase:Slate                       -26.73 USD
  Expenses:Food:Restaurant                          26.73 USD

2022-07-03 * "Pampas Grill" "" #trip-los-angeles-2022
  Liabilities:US:Chase:Slate                       -19.62 USD
  Expenses:Food:Restaurant                          19.62 USD

2022-07-04 * "Starbucks" "" #trip-los-angeles-2022
  Liabilities:US:Chase:Slate                        -5.67 USD
  Expenses:Food:Coffee                               5.67 USD

2022-07-05 * "Dupar's" "" #trip-los-angeles-2022
  Liabilities:US:Chase:Slate                       -29.86 USD
  Expenses:Food:Restaurant                          29.86 USD

2022-07-05 * "E.B.'s Beer and Wine" "" #trip-los-angeles-2022
  Liabilities:US:Chase:Slate                        -6.91 USD
  Expenses:Food:Alcohol                              6.91 USD

2022-07-06 * "Mr. Marcel" "" #trip-los-angeles-2022
  Liabilities:US:Chase:Slate                       -55.90 USD
  Expenses:Food:Restaurant                          55.90 USD

2022-07-06 * "Banana Leaf" "" #trip-los-angeles-2022
  Liabilities:US:Chase:Slate                       -23.75 USD
  Expenses:Food:Restaurant                          23.75 USD

2022-07-06 * "Dupar's" "" #trip-los-angeles-2022
  Liabilities:US:Chase:Slate                       -30.38 USD
  Expenses:Food:Restaurant                          30.38 USD

2022-07-06 * "Pampas Grill" "" #trip-los-angeles-2022
  Liabilities:US:Chase:Slate                       -31.88 USD
  Expenses:Food:Restaurant                          31.88 USD

2022-07-06 * "Starbucks" "" #trip-los-angeles-2022
  Liabilities:US:Chase:Slate                        -6.48 USD
  Expenses:Food:Coffee                               6.48 USD

2022-07-07 * "Chipotle" "" #trip-los-angeles-2022
  Liabilities:US:Chase:Slate                       -17.45 USD
  Expenses:Food:Restaurant                          17.45 USD

2022-07-07 * "E.B.'s Beer and Wine" "" #trip-los-angeles-2022
  Liabilities:US:Chase:Slate                       -12.59 USD
  Expenses:Food:Alcohol                             12.59 USD

2022-07-08 * "Pampas Grill" "" #trip-los-angeles-2022
  Liabilities:US:Chase:Slate                       -27.27 USD
  Expenses:Food:Restaurant                          27.27 USD

2022-07-08 * "Chipotle" "" #trip-los-angeles-2022
  Liabilities:US:Chase:Slate                       -17.33 USD
  Expenses:Food:Restaurant                          17.33 USD

2022-07-08 * "E.B.'s Beer and Wine" "" #trip-los-angeles-2022
  Liabilities:US:Chase:Slate                        -7.29 USD
  Expenses:Food:Alcohol                              7.29 USD

2022-07-08 * "Chase:Slate" "Paying off credit card"
  Liabilities:US:Chase:Slate                       366.26 USD
  Assets:US:BofA:Checking                         -366.26 USD

2022-07-09 * "Banana Leaf" "" #trip-los-angeles-2022
  Liabilities:US:Chase:Slate                       -26.27 USD
  Expenses:Food:Restaurant                          26.27 USD

2022-07-09 * "Pampas Grill" "" #trip-los-angeles-2022
  Liabilities:US:Chase:Slate                       -20.92 USD
  Expenses:Food:Restaurant                          20.92 USD

2022-07-09 * "Chipotle" "" #trip-los-angeles-2022
  Liabilities:US:Chase:Slate                       -14.33 USD
  Expenses:Food:Restaurant                          14.33 USD

2022-07-09 * "Starbucks" "" #trip-los-angeles-2022
  Liabilities:US:Chase:Slate                        -6.25 USD
  Expenses:Food:Coffee                               6.25 USD

2022-07-10 * "Mr. Marcel" "" #trip-los-angeles-2022
  Liabilities:US:Chase:Slate                       -42.92 USD
  Expenses:Food:Restaurant                          42.92 USD

2022-07-10 * "Banana Leaf" "" #trip-los-angeles-2022
  Liabilities:US:Chase:Slate                       -23.37 USD
  Expenses:Food:Restaurant                          23.37 USD

2022-07-10 * "Dupar's" "" #trip-los-angeles-2022
  Liabilities:US:Chase:Slate                       -28.83 USD
  Expenses:Food:Restaurant                          28.83 USD

2022-07-10 * "Chipotle" "" #trip-los-angeles-2022
  Liabilities:US:Chase:Slate                       -13.78 USD
  Expenses:Food:Restaurant                          13.78 USD

2022-07-11 * "Mr. Marcel" "" #trip-los-angeles-2022
  Liabilities:US:Chase:Slate                       -49.89 USD
  Expenses:Food:Restaurant                          49.89 USD

2022-07-11 * "E.B.'s Beer and Wine" "" #trip-los-angeles-2022
  Liabilities:US:Chase:Slate                        -9.30 USD
  Expenses:Food:Alcohol                              9.30 USD

2022-07-12 * "Starbucks" "" #trip-los-angeles-2022
  Liabilities:US:Chase:Slate                        -6.27 USD
  Expenses:Food:Coffee                               6.27 USD

2022-07-12 * "E.B.'s Beer and Wine" "" #trip-los-angeles-2022
  Liabilities:US:Chase:Slate                       -10.49 USD
  Expenses:Food:Alcohol                             10.49 USD

2022-07-13 * "Starbucks" "" #trip-los-angeles-2022
  Liabilities:US:Chase:Slate                        -5.81 USD
  Expenses:Food:Coffee                               5.81 USD

2022-07-14 * "Dupar's" "" #trip-los-angeles-2022
  Liabilities:US:Chase:Slate                       -33.50 USD
  Expenses:Food:Restaurant                          33.50 USD

2022-07-14 * "E.B.'s Beer and Wine" "" #trip-los-angeles-2022
  Liabilities:US:Chase:Slate                        -8.75 USD
  Expenses:Food:Alcohol                              8.75 USD

2022-07-15 * "Mr. Marcel" "" #trip-los-angeles-2022
  Liabilities:US:Chase:Slate                       -41.95 USD
  Expenses:Food:Restaurant                          41.95 USD

2022-07-15 * "Starbucks" "" #trip-los-angeles-2022
  Liabilities:US:Chase:Slate                        -6.01 USD
  Expenses:Food:Coffee                               6.01 USD

2022-07-15 * "E.B.'s Beer and Wine" "" #trip-los-angeles-2022
  Liabilities:US:Chase:Slate                        -8.87 USD
  Expenses:Food:Alcohol                              8.87 USD

2022-07-16 * "Mr. Marcel" "" #trip-los-angeles-2022
  Liabilities:US:Chase:Slate                       -37.77 USD
  Expenses:Food:Restaurant                          37.77 USD

2022-07-16 * "Banana Leaf" "" #trip-los-angeles-2022
  Liabilities:US:Chase:Slate                       -24.49 USD
  Expenses:Food:Restaurant                          24.49 USD

2022-07-16 * "E.B.'s Beer and Wine" "" #trip-los-angeles-2022
  Liabilities:US:Chase:Slate                       -10.11 USD
  Expenses:Food:Alcohol                             10.11 USD

2022-07-17 * "Chipotle" "" #trip-los-angeles-2022
  Liabilities:US:Chase:Slate                       -17.33 USD
  Expenses:Food:Restaurant                          17.33 USD

2022-07-17 * "Starbucks" "" #trip-los-angeles-2022
  Liabilities:US:Chase:Slate                        -6.82 USD
  Expenses:Food:Coffee                               6.82 USD

2022-07-18 * "Dupar's" "" #trip-los-angeles-2022
  Liabilities:US:Chase:Slate                       -33.73 USD
  Expenses:Food:Restaurant                          33.73 USD

2022-07-18 * "Chipotle" "" #trip-los-angeles-2022
  Liabilities:US:Chase:Slate                       -16.08 USD
  Expenses:Food:Restaurant                          16.08 USD

2022-07-18 * "Consume vacation days"
  Assets:US:Hoogle:Vacation                          -136 VACHR
  Expenses:Vacation                                   136 VACHR

2022-07-18 event "location" "New Metropolis"

2022-07-19 * "Rose Flower" "Eating out with Bill"
  Liabilities:US:Chase:Slate                       -30.05 USD
  Expenses:Food:Restaurant                          30.05 USD

2022-07-21 balance Liabilities:US:Chase:Slate    -2171.40 USD

2022-07-22 * "Good Moods Market" "Buying groceries"
  Liabilities:US:Chase:Slate                      -127.79 USD
  Expenses:Food:Groceries                          127.79 USD

2022-07-24 * "Chichipotle" "Eating out after work"
  Liabilities:US:Chase:Slate                       -77.59 USD
  Expenses:Food:Restaurant                          77.59 USD

2022-07-27 * "Jewel of Morroco" "Eating out with Natasha"
  Liabilities:US:Chase:Slate                       -38.84 USD
  Expenses:Food:Restaurant                          38.84 USD

2022-07-30 * "Goba Goba" "Eating out after work"
  Liabilities:US:Chase:Slate                       -36.07 USD
  Expenses:Food:Restaurant                          36.07 USD

2022-07-31 * "Onion Market" "Buying groceries"
  Liabilities:US:Chase:Slate                       -90.92 USD
  Expenses:Food:Groceries                           90.92 USD

2022-08-03 * "Uncle Boons" "Eating out with work buddies"
  Liabilities:US:Chase:Slate                       -25.35 USD
  Expenses:Food:Restaurant                          25.35 USD

2022-08-03 * "Metro Transport Authority" "Tram tickets"
  Liabilities:US:Chase:Slate                      -120.00 USD
  Expenses:Transport:Tram                          120.00 USD

2022-08-05 * "China Garden" "Eating out with Julie"
  Liabilities:US:Chase:Slate                       -23.42 USD
  Expenses:Food:Restaurant                          23.42 USD

2022-08-08 * "Uncle Boons" "Eating out with Natasha"
  Liabilities:US:Chase:Slate                       -31.76 USD
  Expenses:Food:Restaurant                          31.76 USD

2022-08-10 * "Chase:Slate" "Paying off credit card"
  Liabilities:US:Chase:Slate                       687.45 USD
  Assets:US:BofA:Checking                         -687.45 USD

2022-08-11 * "Cafe Modagor" "Eating out with Joe"
  Liabilities:US:Chase:Slate                      -115.71 USD
  Expenses:Food:Restaurant                         115.71 USD

2022-08-13 balance Liabilities:US:Chase:Slate    -2171.40 USD

2022-08-13 * "Jewel of Morroco" "Eating out with work buddies"
  Liabilities:US:Chase:Slate                       -29.89 USD
  Expenses:Food:Restaurant                          29.89 USD

2022-08-13 * "Good Moods Market" "Buying groceries"
  Liabilities:US:Chase:Slate                       -52.15 USD
  Expenses:Food:Groceries                           52.15 USD

2022-08-17 * "Jewel of Morroco" "Eating out with Natasha"
  Liabilities:US:Chase:Slate                       -26.47 USD
  Expenses:Food:Restaurant                          26.47 USD

2022-08-21 * "Kin Soy" "Eating out with Julie"
  Liabilities:US:Chase:Slate                       -29.79 USD
  Expenses:Food:Restaurant                          29.79 USD

2022-08-23 * "Kin Soy" "Eating out with work buddies"
  Liabilities:US:Chase:Slate                       -53.63 USD
  Expenses:Food:Restaurant                          53.63 USD

2022-08-23 * "Farmer Fresh" "Buying groceries"
  Liabilities:US:Chase:Slate                       -91.64 USD
  Expenses:Food:Groceries                           91.64 USD

2022-08-27 * "Kin Soy" "Eating out "
  Liabilities:US:Chase:Slate                       -38.47 USD
  Expenses:Food:Restaurant                          38.47 USD

2022-08-28 * "Goba Goba" "Eating out with Joe"
  Liabilities:US:Chase:Slate                       -26.61 USD
  Expenses:Food:Restaurant                          26.61 USD

2022-08-29 * "Corner Deli" "Buying groceries"
  Liabilities:US:Chase:Slate                       -67.54 USD
  Expenses:Food:Groceries                           67.54 USD

2022-09-01 * "Chichipotle" "Eating out with work buddies"
  Liabilities:US:Chase:Slate                       -27.63 USD
  Expenses:Food:Restaurant                          27.63 USD

2022-09-02 balance Liabilities:US:Chase:Slate    -2615.22 USD

2022-09-03 * "Uncle Boons" "Eating out "
  Liabilities:US:Chase:Slate                       -19.24 USD
  Expenses:Food:Restaurant                          19.24 USD

2022-09-03 * "Metro Transport Authority" "Tram tickets"
  Liabilities:US:Chase:Slate                      -120.00 USD
  Expenses:Transport:Tram                          120.00 USD

2022-09-04 * "Jewel of Morroco" "Eating out after work"
  Liabilities:US:Chase:Slate                       -26.04 USD
  Expenses:Food:Restaurant                          26.04 USD

2022-09-04 * "Corner Deli" "Buying groceries"
  Liabilities:US:Chase:Slate                       -46.84 USD
  Expenses:Food:Groceries                           46.84 USD

2022-09-06 * "Goba Goba" "Eating out with Joe"
  Liabilities:US:Chase:Slate                       -20.50 USD
  Expenses:Food:Restaurant                          20.50 USD

2022-09-09 * "Chase:Slate" "Paying off credit card"
  Liabilities:US:Chase:Slate                       697.94 USD
  Assets:US:BofA:Checking                         -697.94 USD

2022-09-11 * "China Garden" "Eating out "
  Liabilities:US:Chase:Slate                       -21.50 USD
  Expenses:Food:Restaurant                          21.50 USD

2022-09-15 * "Jewel of Morroco" "Eating out "
  Liabilities:US:Chase:Slate                       -24.71 USD
  Expenses:Food:Restaurant                          24.71 USD

2022-09-18 * "Uncle Boons" "Eating out "
  Liabilities:US:Chase:Slate                       -34.54 USD
  Expenses:Food:Restaurant                          34.54 USD

2022-09-18 * "Good Moods Market" "Buying groceries"
  Liabilities:US:Chase:Slate                       -78.56 USD
  Expenses:Food:Groceries                           78.56 USD

2022-09-22 * "Cafe Modagor" "Eating out "
  Liabilities:US:Chase:Slate                      -102.69 USD
  Expenses:Food:Restaurant                         102.69 USD

2022-09-24 * "Rose Flower" "Eating out with Bill"
  Liabilities:US:Chase:Slate                       -33.46 USD
  Expenses:Food:Restaurant                          33.46 USD

2022-09-26 * "Uncle Boons" "Eating out after work"
  Liabilities:US:Chase:Slate                       -21.59 USD
  Expenses:Food:Restaurant                          21.59 USD

2022-09-26 * "Onion Market" "Buying groceries"
  Liabilities:US:Chase:Slate                       -37.72 USD
  Expenses:Food:Groceries                           37.72 USD

2022-09-28 * "Rose Flower" "Eating out alone"
  Liabilities:US:Chase:Slate                       -39.49 USD
  Expenses:Food:Restaurant                          39.49 USD

2022-09-29 * "Uncle Boons" "Eating out with Joe"
  Liabilities:US:Chase:Slate                       -16.54 USD
  Expenses:Food:Restaurant                          16.54 USD

2022-09-30 balance Liabilities:US:Chase:Slate    -2560.70 USD

2022-09-30 * "China Garden" "Eating out with Julie"
  Liabilities:US:Chase:Slate                       -32.79 USD
  Expenses:Food:Restaurant                          32.79 USD

2022-10-02 * "Farmer Fresh" "Buying groceries"
  Liabilities:US:Chase:Slate                       -67.34 USD
  Expenses:Food:Groceries                           67.34 USD

2022-10-03 * "China Garden" "Eating out after work"
  Liabilities:US:Chase:Slate                       -40.82 USD
  Expenses:Food:Restaurant                          40.82 USD

2022-10-05 * "Metro Transport Authority" "Tram tickets"
  Liabilities:US:Chase:Slate                      -120.00 USD
  Expenses:Transport:Tram                          120.00 USD

2022-10-06 * "Uncle Boons" "Eating out with Julie"
  Liabilities:US:Chase:Slate                       -29.66 USD
  Expenses:Food:Restaurant                          29.66 USD

2022-10-08 * "Chase:Slate" "Paying off credit card"
  Liabilities:US:Chase:Slate                       804.56 USD
  Assets:US:BofA:Checking                         -804.56 USD

2022-10-09 * "Good Moods Market" "Buying groceries"
  Liabilities:US:Chase:Slate                      -124.65 USD
  Expenses:Food:Groceries                          124.65 USD

2022-10-11 * "China Garden" "Eating out alone"
  Liabilities:US:Chase:Slate                       -27.47 USD
  Expenses:Food:Restaurant                          27.47 USD

2022-10-15 * "Chichipotle" "Eating out with Natasha"
  Liabilities:US:Chase:Slate                       -18.13 USD
  Expenses:Food:Restaurant                          18.13 USD

2022-10-20 balance Liabilities:US:Chase:Slate    -2217.00 USD

2022-10-20 * "Kin Soy" "Eating out alone"
  Liabilities:US:Chase:Slate                       -28.35 USD
  Expenses:Food:Restaurant                          28.35 USD

2022-10-25 * "Cafe Modagor" "Eating out with Joe"
  Liabilities:US:Chase:Slate                       -24.71 USD
  Expenses:Food:Restaurant                          24.71 USD

2022-10-27 * "Rose Flower" "Eating out with Julie"
  Liabilities:US:Chase:Slate                       -48.08 USD
  Expenses:Food:Restaurant                          48.08 USD

2022-10-27 * "Onion Market" "Buying groceries"
  Liabilities:US:Chase:Slate                       -81.08 USD
  Expenses:Food:Groceries                           81.08 USD

2022-10-28 * "Goba Goba" "Eating out after work"
  Liabilities:US:Chase:Slate                       -38.17 USD
  Expenses:Food:Restaurant                          38.17 USD

2022-11-02 * "Rose Flower" "Eating out with Julie"
  Liabilities:US:Chase:Slate                       -36.54 USD
  Expenses:Food:Restaurant                          36.54 USD

2022-11-04 * "China Garden" "Eating out with Julie"
  Liabilities:US:Chase:Slate                       -43.00 USD
  Expenses:Food:Restaurant                          43.00 USD

2022-11-05 * "Metro Transport Authority" "Tram tickets"
  Liabilities:US:Chase:Slate                      -120.00 USD
  Expenses:Transport:Tram                          120.00 USD

2022-11-09 * "Uncle Boons" "Eating out with Julie"
  Liabilities:US:Chase:Slate                       -34.01 USD
  Expenses:Food:Restaurant                          34.01 USD

2022-11-11 * "China Garden" "Eating out with Joe"
  Liabilities:US:Chase:Slate                       -30.03 USD
  Expenses:Food:Restaurant                          30.03 USD

2022-11-11 * "Chase:Slate" "Paying off credit card"
  Liabilities:US:Chase:Slate                       529.57 USD
  Assets:US:BofA:Checking                         -529.57 USD

2022-11-13 * "Goba Goba" "Eating out after work"
  Liabilities:US:Chase:Slate                       -23.65 USD
  Expenses:Food:Restaurant                          23.65 USD

2022-11-15 * "Farmer Fresh" "Buying groceries"
  Liabilities:US:Chase:Slate                       -70.93 USD
  Expenses:Food:Groceries                           70.93 USD

2022-11-17 balance Liabilities:US:Chase:Slate    -2265.98 USD

2022-11-18 * "China Garden" "Eating out with Julie"
  Liabilities:US:Chase:Slate                       -46.18 USD
  Expenses:Food:Restaurant                          46.18 USD

2022-11-21 * "Kin Soy" "Eating out with Bill"
  Liabilities:US:Chase:Slate                       -40.86 USD
  Expenses:Food:Restaurant                          40.86 USD

2022-11-21 * "Corner Deli" "Buying groceries"
  Liabilities:US:Chase:Slate                      -113.56 USD
  Expenses:Food:Groceries                          113.56 USD

2022-11-26 * "Kin Soy" "Eating out after work"
  Liabilities:US:Chase:Slate                       -72.89 USD
  Expenses:Food:Restaurant                          72.89 USD

2022-11-26 * "Onion Market" "Buying groceries"
  Liabilities:US:Chase:Slate                      -112.85 USD
  Expenses:Food:Groceries                          112.85 USD

2022-11-27 * "Uncle Boons" "Eating out alone"
  Liabilities:US:Chase:Slate                       -25.93 USD
  Expenses:Food:Restaurant                          25.93 USD

2022-12-01 * "China Garden" "Eating out with Joe"
  Liabilities:US:Chase:Slate                       -21.70 USD
  Expenses:Food:Restaurant                          21.70 USD

2022-12-04 * "China Garden" "Eating out with work buddies"
  Liabilities:US:Chase:Slate                       -30.40 USD
  Expenses:Food:Restaurant                          30.40 USD

2022-12-07 * "Metro Transport Authority" "Tram tickets"
  Liabilities:US:Chase:Slate                      -120.00 USD
  Expenses:Transport:Tram                          120.00 USD

2022-12-08 * "Kin Soy" "Eating out after work"
  Liabilities:US:Chase:Slate                       -30.83 USD
  Expenses:Food:Restaurant                          30.83 USD

2022-12-08 * "Chase:Slate" "Paying off credit card"
  Liabilities:US:Chase:Slate                       709.78 USD
  Assets:US:BofA:Checking                         -709.78 USD

2022-12-10 balance Liabilities:US:Chase:Slate    -2171.40 USD

2022-12-12 * "Onion Market" "Buying groceries"
  Liabilities:US:Chase:Slate                       -81.94 USD
  Expenses:Food:Groceries                           81.94 USD

2022-12-13 * "Kin Soy" "Eating out with Bill"
  Liabilities:US:Chase:Slate                       -55.91 USD
  Expenses:Food:Restaurant                          55.91 USD

2022-12-18 * "Goba Goba" "Eating out with Bill"
  Liabilities:US:Chase:Slate                       -22.69 USD
  Expenses:Food:Restaurant                          22.69 USD

2022-12-19 * "Uncle Boons" "Eating out "
  Liabilities:US:Chase:Slate                       -33.45 USD
  Expenses:Food:Restaurant                          33.45 USD

2022-12-20 * "Jewel of Morroco" "Eating out alone"
  Liabilities:US:Chase:Slate                       -57.66 USD
  Expenses:Food:Restaurant                          57.66 USD

2022-12-23 * "Jewel of Morroco" "Eating out after work"
  Liabilities:US:Chase:Slate                       -19.06 USD
  Expenses:Food:Restaurant                          19.06 USD

2022-12-26 * "Onion Market" "Buying groceries"
  Liabilities:US:Chase:Slate                       -84.32 USD
  Expenses:Food:Groceries                           84.32 USD

2022-12-28 * "Chichipotle" "Eating out after work"
  Liabilities:US:Chase:Slate                       -72.97 USD
  Expenses:Food:Restaurant                          72.97 USD

2023-01-01 * "Jewel of Morroco" "Eating out with Julie"
  Liabilities:US:Chase:Slate                       -33.15 USD
  Expenses:Food:Restaurant                          33.15 USD

2023-01-03 * "Farmer Fresh" "Buying groceries"
  Liabilities:US:Chase:Slate                       -87.40 USD
  Expenses:Food:Groceries                           87.40 USD

2023-01-04 balance Liabilities:US:Chase:Slate    -2719.95 USD

2023-01-05 * "Metro Transport Authority" "Tram tickets"
  Liabilities:US:Chase:Slate                      -120.00 USD
  Expenses:Transport:Tram                          120.00 USD

2023-01-06 * "Jewel of Morroco" "Eating out after work"
  Liabilities:US:Chase:Slate                       -19.20 USD
  Expenses:Food:Restaurant                          19.20 USD

2023-01-09 * "Cafe Modagor" "Eating out with work buddies"
  Liabilities:US:Chase:Slate                       -38.18 USD
  Expenses:Food:Restaurant                          38.18 USD

2023-01-09 * "Chase:Slate" "Paying off credit card"
  Liabilities:US:Chase:Slate                       725.93 USD
  Assets:US:BofA:Checking                         -725.93 USD

2023-01-11 * "Uncle Boons" "Eating out with Natasha"
  Liabilities:US:Chase:Slate                       -33.05 USD
  Expenses:Food:Restaurant                          33.05 USD

2023-01-16 * "Rose Flower" "Eating out "
  Liabilities:US:Chase:Slate                       -11.14 USD
  Expenses:Food:Restaurant                          11.14 USD

2023-01-19 * "Good Moods Market" "Buying groceries"
  Liabilities:US:Chase:Slate                       -82.92 USD
  Expenses:Food:Groceries                           82.92 USD

2023-01-21 * "China Garden" "Eating out alone"
  Liabilities:US:Chase:Slate                       -60.26 USD
  Expenses:Food:Restaurant                          60.26 USD

2023-01-24 balance Liabilities:US:Chase:Slate    -2358.77 USD

2023-01-24 event "location" "San Francisco"

2023-01-28 * "Mission Chinese Food" "" #trip-san-francisco-2023
  Liabilities:US:Chase:Slate                       -31.18 USD
  Expenses:Food:Restaurant                          31.18 USD

2023-01-29 * "Starbucks" "" #trip-san-francisco-2023
  Liabilities:US:Chase:Slate                        -4.54 USD
  Expenses:Food:Coffee                               4.54 USD

2023-01-30 * "Bar Crudo" "" #trip-san-francisco-2023
  Liabilities:US:Chase:Slate                       -59.33 USD
  Expenses:Food:Restaurant                          59.33 USD

2023-01-30 * "Mission Chinese Food" "" #trip-san-francisco-2023
  Liabilities:US:Chase:Slate                       -31.29 USD
  Expenses:Food:Restaurant                          31.29 USD

2023-01-31 * "Waterbar" "" #trip-san-francisco-2023
  Liabilities:US:Chase:Slate                       -53.14 USD
  Expenses:Food:Restaurant                          53.14 USD

2023-02-01 * "Waterbar" "" #trip-san-francisco-2023
  Liabilities:US:Chase:Slate                       -44.64 USD
  Expenses:Food:Restaurant                          44.64 USD

2023-02-01 * "Consume vacation days"
  Assets:US:Hoogle:Vacation                           -64 VACHR
  Expenses:Vacation                                    64 VACHR

2023-02-01 event "location" "New Metropolis"

2023-02-05 * "Jewel of Morroco" "Eating out with Julie"
  Liabilities:US:Chase:Slate                       -36.71 USD
  Expenses:Food:Restaurant                          36.71 USD

2023-02-05 * "Metro Transport Authority" "Tram tickets"
  Liabilities:US:Chase:Slate                      -120.00 USD
  Expenses:Transport:Tram                          120.00 USD

2023-02-10 * "Rose Flower" "Eating out with Joe"
  Liabilities:US:Chase:Slate                       -26.65 USD
  Expenses:Food:Restaurant                          26.65 USD

2023-02-11 * "Chase:Slate" "Paying off credit card"
  Liabilities:US:Chase:Slate                       431.71 USD
  Assets:US:BofA:Checking                         -431.71 USD

2023-02-12 * "Goba Goba" "Eating out after work"
  Liabilities:US:Chase:Slate                       -60.98 USD
  Expenses:Food:Restaurant                          60.98 USD

2023-02-13 balance Liabilities:US:Chase:Slate    -2395.52 USD

2023-02-13 * "Onion Market" "Buying groceries"
  Liabilities:US:Chase:Slate                       -78.58 USD
  Expenses:Food:Groceries                           78.58 USD

2023-02-17 * "China Garden" "Eating out alone"
  Liabilities:US:Chase:Slate                       -42.75 USD
  Expenses:Food:Restaurant                          42.75 USD

2023-02-18 * "Good Moods Market" "Buying groceries"
  Liabilities:US:Chase:Slate                       -86.19 USD
  Expenses:Food:Groceries                           86.19 USD

2023-02-20 * "Cafe Modagor" "Eating out with Julie"
  Liabilities:US:Chase:Slate                       -21.49 USD
  Expenses:Food:Restaurant                          21.49 USD

2023-02-25 * "Jewel of Morroco" "Eating out with Natasha"
  Liabilities:US:Chase:Slate                       -49.55 USD
  Expenses:Food:Restaurant                          49.55 USD

2023-03-02 * "Chichipotle" "Eating out alone"
  Liabilities:US:Chase:Slate                       -41.82 USD
  Expenses:Food:Restaurant                          41.82 USD

2023-03-03 * "Kin Soy" "Eating out with Joe"
  Liabilities:US:Chase:Slate                       -40.58 USD
  Expenses:Food:Restaurant                          40.58 USD

2023-03-04 * "Farmer Fresh" "Buying groceries"
  Liabilities:US:Chase:Slate                       -60.59 USD
  Expenses:Food:Groceries                           60.59 USD

2023-03-07 balance Liabilities:US:Chase:Slate    -2817.07 USD

2023-03-07 * "China Garden" "Eating out "
  Liabilities:US:Chase:Slate                       -25.59 USD
  Expenses:Food:Restaurant                          25.59 USD

2023-03-10 * "Metro Transport Authority" "Tram tickets"
  Liabilities:US:Chase:Slate                      -120.00 USD
  Expenses:Transport:Tram                          120.00 USD

2023-03-10 * "Chase:Slate" "Paying off credit card"
  Liabilities:US:Chase:Slate                       567.14 USD
  Assets:US:BofA:Checking                         -567.14 USD

2023-03-11 * "Cafe Modagor" "Eating out with Julie"
  Liabilities:US:Chase:Slate                       -36.41 USD
  Expenses:Food:Restaurant                          36.41 USD

2023-03-15 * "Goba Goba" "Eating out with Natasha"
  Liabilities:US:Chase:Slate                       -24.86 USD
  Expenses:Food:Restaurant                          24.86 USD

2023-03-17 * "Kin Soy" "Eating out "
  Liabilities:US:Chase:Slate                       -16.22 USD
  Expenses:Food:Restaurant                          16.22 USD

2023-03-20 * "Farmer Fresh" "Buying groceries"
  Liabilities:US:Chase:Slate                      -123.27 USD
  Expenses:Food:Groceries                          123.27 USD

2023-03-22 * "Jewel of Morroco" "Eating out "
  Liabilities:US:Chase:Slate                       -31.87 USD
  Expenses:Food:Restaurant                          31.87 USD

2023-03-24 * "Cafe Modagor" "Eating out with Julie"
  Liabilities:US:Chase:Slate                       -26.34 USD
  Expenses:Food:Restaurant                          26.34 USD

2023-03-26 * "Rose Flower" "Eating out with Natasha"
  Liabilities:US:Chase:Slate                       -46.11 USD
  Expenses:Food:Restaurant                          46.11 USD

2023-03-30 * "Rose Flower" "Eating out "
  Liabilities:US:Chase:Slate                       -23.60 USD
  Expenses:Food:Restaurant                          23.60 USD

2023-04-01 balance Liabilities:US:Chase:Slate    -2724.20 USD

2023-04-01 * "Uncle Boons" "Eating out with Julie"
  Liabilities:US:Chase:Slate                       -35.78 USD
  Expenses:Food:Restaurant                          35.78 USD

2023-04-06 * "Chichipotle" "Eating out with Julie"
  Liabilities:US:Chase:Slate                       -28.14 USD
  Expenses:Food:Restaurant                          28.14 USD

2023-04-06 * "Good Moods Market" "Buying groceries"
  Liabilities:US:Chase:Slate                       -76.11 USD
  Expenses:Food:Groceries                           76.11 USD

2023-04-07 * "Metro Transport Authority" "Tram tickets"
  Liabilities:US:Chase:Slate                      -120.00 USD
  Expenses:Transport:Tram                          120.00 USD

2023-04-08 * "Chichipotle" "Eating out alone"
  Liabilities:US:Chase:Slate                       -15.58 USD
  Expenses:Food:Restaurant                          15.58 USD

2023-04-11 * "Uncle Boons" "Eating out with work buddies"
  Liabilities:US:Chase:Slate                       -23.29 USD
  Expenses:Food:Restaurant                          23.29 USD



* Taxable Investments

2021-01-01 open Assets:US:ETrade:Cash                       USD
2021-01-01 open Assets:US:ETrade:ITOT                       ITOT
2021-01-01 open Assets:US:ETrade:VEA                       VEA
2021-01-01 open Assets:US:ETrade:VHT                       VHT
2021-01-01 open Assets:US:ETrade:GLD                       GLD
2021-01-01 open Income:US:ETrade:PnL                        USD
2021-01-01 open Income:US:ETrade:ITOT:Dividend              USD
2021-01-01 open Income:US:ETrade:VEA:Dividend              USD
2021-01-01 open Income:US:ETrade:VHT:Dividend              USD
2021-01-01 open Income:US:ETrade:GLD:Dividend              USD

2021-09-18 * "Dividends on portfolio"
  Assets:US:ETrade:Cash                              0.00 USD
  Income:US:ETrade:VEA:Dividend                      0.00 USD

2021-09-22 * "Buy shares of VEA"
  Assets:US:ETrade:Cash                          -2154.21 USD
  Assets:US:ETrade:VEA                                 37 VEA {57.98 USD, 2021-09-22}
  Expenses:Financial:Commissions                     8.95 USD

2021-09-22 * "Buy shares of GLD"
  Assets:US:ETrade:Cash                          -2185.75 USD
  Assets:US:ETrade:GLD                                 60 GLD {36.28 USD, 2021-09-22}
  Expenses:Financial:Commissions                     8.95 USD

2021-11-09 * "Sell shares of VEA"
  Assets:US:ETrade:VEA                                -37 VEA {57.98 USD, 2021-09-22} @ 60.31 USD
  Assets:US:ETrade:Cash                           2222.52 USD
  Expenses:Financial:Commissions                     8.95 USD
  Income:US:ETrade:PnL                             -86.21 USD

2021-12-08 * "Buy shares of ITOT"
  Assets:US:ETrade:Cash                          -1838.20 USD
  Assets:US:ETrade:ITOT                                25 ITOT {73.17 USD, 2021-12-08}
  Expenses:Financial:Commissions                     8.95 USD

2021-12-08 * "Buy shares of GLD"
  Assets:US:ETrade:Cash                          -1877.32 USD
  Assets:US:ETrade:GLD                                 49 GLD {38.13 USD, 2021-12-08}
  Expenses:Financial:Commissions                     8.95 USD

2021-12-08 * "Buy shares of VHT"
  Assets:US:ETrade:Cash                          -1827.47 USD
  Assets:US:ETrade:VHT                                 22 VHT {82.66 USD, 2021-12-08}
  Expenses:Financial:Commissions                     8.95 USD

2021-12-17 * "Dividends on portfolio"
  Assets:US:ETrade:Cash                             39.35 USD
  Income:US:ETrade:VHT:Dividend                    -39.35 USD

2022-03-18 * "Dividends on portfolio"
  Assets:US:ETrade:Cash                             39.35 USD
  Income:US:ETrade:VEA:Dividend                    -39.35 USD

2022-06-18 * "Dividends on portfolio"
  Assets:US:ETrade:Cash                             39.35 USD
  Income:US:ETrade:VEA:Dividend                    -39.35 USD

2022-08-19 * "Buy shares of GLD"
  Assets:US:ETrade:Cash                           -793.95 USD
  Assets:US:ETrade:GLD                                 20 GLD {39.25 USD, 2022-08-19}
  Expenses:Financial:Commissions                     8.95 USD

2022-08-19 * "Buy shares of VEA"
  Assets:US:ETrade:Cash                           -775.27 USD
  Assets:US:ETrade:VEA                                 12 VEA {63.86 USD, 2022-08-19}
  Expenses:Financial:Commissions                     8.95 USD

2022-08-19 * "Buy shares of VHT"
  Assets:US:ETrade:Cash                           -806.55 USD
  Assets:US:ETrade:VHT                                 10 VHT {79.76 USD, 2022-08-19}
  Expenses:Financial:Commissions                     8.95 USD

2022-08-19 * "Buy shares of ITOT"
  Assets:US:ETrade:Cash                           -778.05 USD
  Assets:US:ETrade:ITOT                                10 ITOT {76.91 USD, 2022-08-19}
  Expenses:Financial:Commissions                     8.95 USD

2022-09-18 * "Dividends on portfolio"
  Assets:US:ETrade:Cash                             51.82 USD
  Income:US:ETrade:VHT:Dividend                    -51.82 USD

2022-11-02 * "Buy shares of VHT"
  Assets:US:ETrade:Cash                          -1965.71 USD
  Assets:US:ETrade:VHT                                 26 VHT {75.26 USD, 2022-11-02}
  Expenses:Financial:Commissions                     8.95 USD

2022-11-02 * "Buy shares of ITOT"
  Assets:US:ETrade:Cash                          -1984.95 USD
  Assets:US:ETrade:ITOT                                25 ITOT {79.04 USD, 2022-11-02}
  Expenses:Financial:Commissions                     8.95 USD

2022-11-12 * "Sell shares of VHT"
  Assets:US:ETrade:VHT                                -22 VHT {82.66 USD, 2021-12-08} @ 75.58 USD
  Assets:US:ETrade:Cash                           1653.81 USD
  Expenses:Financial:Commissions                     8.95 USD
  Income:US:ETrade:PnL                             155.76 USD

2022-11-19 * "Buy shares of VHT"
  Assets:US:ETrade:Cash                          -1801.99 USD
  Assets:US:ETrade:VHT                                 24 VHT {74.71 USD, 2022-11-19}
  Expenses:Financial:Commissions                     8.95 USD

2022-11-25 * "Sell shares of GLD"
  Assets:US:ETrade:GLD                                -60 GLD {36.28 USD, 2021-09-22} @ 38.65 USD
  Assets:US:ETrade:Cash                           2310.05 USD
  Expenses:Financial:Commissions                     8.95 USD
  Income:US:ETrade:PnL                            -142.20 USD

2022-12-09 * "Buy shares of VEA"
  Assets:US:ETrade:Cash                          -2057.35 USD
  Assets:US:ETrade:VEA                                 30 VEA {68.28 USD, 2022-12-09}
  Expenses:Financial:Commissions                     8.95 USD

2022-12-09 * "Buy shares of GLD"
  Assets:US:ETrade:Cash                          -2104.45 USD
  Assets:US:ETrade:GLD                                 55 GLD {38.10 USD, 2022-12-09}
  Expenses:Financial:Commissions                     8.95 USD

2022-12-09 * "Buy shares of VHT"
  Assets:US:ETrade:Cash                          -2050.96 USD
  Assets:US:ETrade:VHT                                 27 VHT {75.63 USD, 2022-12-09}
  Expenses:Financial:Commissions                     8.95 USD

2022-12-17 * "Dividends on portfolio"
  Assets:US:ETrade:Cash                             99.47 USD
  Income:US:ETrade:VHT:Dividend                    -99.47 USD

2022-12-29 * "Sell shares of ITOT"
  Assets:US:ETrade:ITOT                               -25 ITOT {73.17 USD, 2021-12-08} @ 80.39 USD
  Assets:US:ETrade:Cash                           2000.80 USD
  Expenses:Financial:Commissions                     8.95 USD
  Income:US:ETrade:PnL                            -180.50 USD

2023-01-15 * "Buy shares of VEA"
  Assets:US:ETrade:Cash                          -2063.35 USD
  Assets:US:ETrade:VEA                                 30 VEA {68.48 USD, 2023-01-15}
  Expenses:Financial:Commissions                     8.95 USD

2023-03-05 * "Sell shares of VHT"
  Assets:US:ETrade:VHT                                -24 VHT {74.71 USD, 2022-11-19} @ 78.69 USD
  Assets:US:ETrade:Cash                           1879.61 USD
  Expenses:Financial:Commissions                     8.95 USD
  Income:US:ETrade:PnL                             -95.52 USD

2023-03-06 * "Buy shares of ITOT"
  Assets:US:ETrade:Cash                          -1841.11 USD
  Assets:US:ETrade:ITOT                                24 ITOT {76.34 USD, 2023-03-06}
  Expenses:Financial:Commissions                     8.95 USD

2023-03-18 * "Dividends on portfolio"
  Assets:US:ETrade:Cash                            115.02 USD
  Income:US:ETrade:VEA:Dividend                   -115.02 USD



* Vanguard Investments

2021-01-01 open Assets:US:Vanguard:VBMPX                     VBMPX
  number: "882882"
2021-01-01 open Assets:US:Vanguard:RGAGX                     RGAGX
  number: "882882"
2021-01-01 open Assets:US:Vanguard                            USD
  address: "P.O. Box 1110, Valley Forge, PA 19482-1110"
  institution: "Vanguard Group"
  phone: "+1.800.523.1188"
2021-01-01 open Income:US:Hoogle:Match401k                   USD
2021-01-01 open Assets:US:Vanguard:Cash                       USD
  number: "882882"

2021-01-08 * "Employer match for contribution"
  Assets:US:Vanguard:Cash                          600.00 USD
  Income:US:Hoogle:Match401k                      -600.00 USD

2021-01-11 * "Investing 40% of cash in VBMPX"
  Assets:US:Vanguard:VBMPX                          3.376 VBMPX {142.19 USD, 2021-01-11}
  Assets:US:Vanguard:Cash                         -480.03 USD

2021-01-11 * "Investing 60% of cash in RGAGX"
  Assets:US:Vanguard:RGAGX                          4.287 RGAGX {167.96 USD, 2021-01-11}
  Assets:US:Vanguard:Cash                         -720.04 USD

2021-01-11 * "Investing 40% of cash in VBMPX"
  Assets:US:Vanguard:VBMPX                          1.688 VBMPX {142.19 USD, 2021-01-11}
  Assets:US:Vanguard:Cash                         -240.02 USD

2021-01-11 * "Investing 60% of cash in RGAGX"
  Assets:US:Vanguard:RGAGX                          2.143 RGAGX {167.96 USD, 2021-01-11}
  Assets:US:Vanguard:Cash                         -359.94 USD

2021-01-22 * "Employer match for contribution"
  Assets:US:Vanguard:Cash                          600.00 USD
  Income:US:Hoogle:Match401k                      -600.00 USD

2021-01-25 * "Investing 40% of cash in VBMPX"
  Assets:US:Vanguard:VBMPX                          3.414 VBMPX {140.59 USD, 2021-01-25}
  Assets:US:Vanguard:Cash                         -479.97 USD

2021-01-25 * "Investing 60% of cash in RGAGX"
  Assets:US:Vanguard:RGAGX                          4.265 RGAGX {168.82 USD, 2021-01-25}
  Assets:US:Vanguard:Cash                         -720.02 USD

2021-01-25 * "Investing 40% of cash in VBMPX"
  Assets:US:Vanguard:VBMPX                          1.707 VBMPX {140.59 USD, 2021-01-25}
  Assets:US:Vanguard:Cash                         -239.99 USD

2021-01-25 * "Investing 60% of cash in RGAGX"
  Assets:US:Vanguard:RGAGX                          2.132 RGAGX {168.82 USD, 2021-01-25}
  Assets:US:Vanguard:Cash                         -359.92 USD

2021-02-05 * "Employer match for contribution"
  Assets:US:Vanguard:Cash                          600.00 USD
  Income:US:Hoogle:Match401k                      -600.00 USD

2021-02-08 * "Investing 40% of cash in VBMPX"
  Assets:US:Vanguard:VBMPX                          3.331 VBMPX {144.09 USD, 2021-02-08}
  Assets:US:Vanguard:Cash                         -479.96 USD

2021-02-08 * "Investing 60% of cash in RGAGX"
  Assets:US:Vanguard:RGAGX                          4.179 RGAGX {172.28 USD, 2021-02-08}
  Assets:US:Vanguard:Cash                         -719.96 USD

2021-02-08 * "Investing 40% of cash in VBMPX"
  Assets:US:Vanguard:VBMPX                          1.666 VBMPX {144.09 USD, 2021-02-08}
  Assets:US:Vanguard:Cash                         -240.05 USD

2021-02-08 * "Investing 60% of cash in RGAGX"
  Assets:US:Vanguard:RGAGX                          2.090 RGAGX {172.28 USD, 2021-02-08}
  Assets:US:Vanguard:Cash                         -360.07 USD

2021-02-19 * "Employer match for contribution"
  Assets:US:Vanguard:Cash                          600.00 USD
  Income:US:Hoogle:Match401k                      -600.00 USD

2021-02-22 * "Investing 40% of cash in VBMPX"
  Assets:US:Vanguard:VBMPX                          3.305 VBMPX {145.24 USD, 2021-02-22}
  Assets:US:Vanguard:Cash                         -480.02 USD

2021-02-22 * "Investing 60% of cash in RGAGX"
  Assets:US:Vanguard:RGAGX                          4.206 RGAGX {171.18 USD, 2021-02-22}
  Assets:US:Vanguard:Cash                         -719.98 USD

2021-02-22 * "Investing 40% of cash in VBMPX"
  Assets:US:Vanguard:VBMPX                          1.653 VBMPX {145.24 USD, 2021-02-22}
  Assets:US:Vanguard:Cash                         -240.08 USD

2021-02-22 * "Investing 60% of cash in RGAGX"
  Assets:US:Vanguard:RGAGX                          2.103 RGAGX {171.18 USD, 2021-02-22}
  Assets:US:Vanguard:Cash                         -359.99 USD

2021-03-05 * "Employer match for contribution"
  Assets:US:Vanguard:Cash                          600.00 USD
  Income:US:Hoogle:Match401k                      -600.00 USD

2021-03-08 * "Investing 40% of cash in VBMPX"
  Assets:US:Vanguard:VBMPX                          3.322 VBMPX {144.49 USD, 2021-03-08}
  Assets:US:Vanguard:Cash                         -480.00 USD

2021-03-08 * "Investing 60% of cash in RGAGX"
  Assets:US:Vanguard:RGAGX                          4.179 RGAGX {172.30 USD, 2021-03-08}
  Assets:US:Vanguard:Cash                         -720.04 USD

2021-03-08 * "Investing 40% of cash in VBMPX"
  Assets:US:Vanguard:VBMPX                          1.661 VBMPX {144.49 USD, 2021-03-08}
  Assets:US:Vanguard:Cash                         -240.00 USD

2021-03-08 * "Investing 60% of cash in RGAGX"
  Assets:US:Vanguard:RGAGX                          2.089 RGAGX {172.30 USD, 2021-03-08}
  Assets:US:Vanguard:Cash                         -359.93 USD

2021-03-19 * "Employer match for contribution"
  Assets:US:Vanguard:Cash                          600.00 USD
  Income:US:Hoogle:Match401k                      -600.00 USD

2021-03-22 * "Investing 40% of cash in VBMPX"
  Assets:US:Vanguard:VBMPX                          3.402 VBMPX {141.11 USD, 2021-03-22}
  Assets:US:Vanguard:Cash                         -480.06 USD

2021-03-22 * "Investing 60% of cash in RGAGX"
  Assets:US:Vanguard:RGAGX                          4.184 RGAGX {172.10 USD, 2021-03-22}
  Assets:US:Vanguard:Cash                         -720.07 USD

2021-03-22 * "Investing 40% of cash in VBMPX"
  Assets:US:Vanguard:VBMPX                          1.700 VBMPX {141.11 USD, 2021-03-22}
  Assets:US:Vanguard:Cash                         -239.89 USD

2021-03-22 * "Investing 60% of cash in RGAGX"
  Assets:US:Vanguard:RGAGX                          2.091 RGAGX {172.10 USD, 2021-03-22}
  Assets:US:Vanguard:Cash                         -359.86 USD

2021-04-02 * "Employer match for contribution"
  Assets:US:Vanguard:Cash                          600.00 USD
  Income:US:Hoogle:Match401k                      -600.00 USD

2021-04-05 * "Investing 40% of cash in VBMPX"
  Assets:US:Vanguard:VBMPX                          3.530 VBMPX {135.99 USD, 2021-04-05}
  Assets:US:Vanguard:Cash                         -480.04 USD

2021-04-05 * "Investing 60% of cash in RGAGX"
  Assets:US:Vanguard:RGAGX                          4.203 RGAGX {171.34 USD, 2021-04-05}
  Assets:US:Vanguard:Cash                         -720.14 USD

2021-04-05 * "Investing 40% of cash in VBMPX"
  Assets:US:Vanguard:VBMPX                          1.765 VBMPX {135.99 USD, 2021-04-05}
  Assets:US:Vanguard:Cash                         -240.02 USD

2021-04-05 * "Investing 60% of cash in RGAGX"
  Assets:US:Vanguard:RGAGX                          2.101 RGAGX {171.34 USD, 2021-04-05}
  Assets:US:Vanguard:Cash                         -359.99 USD

2021-04-16 * "Employer match for contribution"
  Assets:US:Vanguard:Cash                          600.00 USD
  Income:US:Hoogle:Match401k                      -600.00 USD

2021-04-19 * "Investing 40% of cash in VBMPX"
  Assets:US:Vanguard:VBMPX                          3.507 VBMPX {136.85 USD, 2021-04-19}
  Assets:US:Vanguard:Cash                         -479.93 USD

2021-04-19 * "Investing 60% of cash in RGAGX"
  Assets:US:Vanguard:RGAGX                          4.225 RGAGX {170.42 USD, 2021-04-19}
  Assets:US:Vanguard:Cash                         -720.02 USD

2021-04-19 * "Investing 40% of cash in VBMPX"
  Assets:US:Vanguard:VBMPX                          1.754 VBMPX {136.85 USD, 2021-04-19}
  Assets:US:Vanguard:Cash                         -240.03 USD

2021-04-19 * "Investing 60% of cash in RGAGX"
  Assets:US:Vanguard:RGAGX                          2.112 RGAGX {170.42 USD, 2021-04-19}
  Assets:US:Vanguard:Cash                         -359.93 USD

2021-04-30 * "Employer match for contribution"
  Assets:US:Vanguard:Cash                          600.00 USD
  Income:US:Hoogle:Match401k                      -600.00 USD

2021-05-03 * "Investing 40% of cash in VBMPX"
  Assets:US:Vanguard:VBMPX                          3.633 VBMPX {132.14 USD, 2021-05-03}
  Assets:US:Vanguard:Cash                         -480.06 USD

2021-05-03 * "Investing 60% of cash in RGAGX"
  Assets:US:Vanguard:RGAGX                          4.221 RGAGX {170.56 USD, 2021-05-03}
  Assets:US:Vanguard:Cash                         -719.93 USD

2021-05-03 * "Investing 40% of cash in VBMPX"
  Assets:US:Vanguard:VBMPX                          1.816 VBMPX {132.14 USD, 2021-05-03}
  Assets:US:Vanguard:Cash                         -239.97 USD

2021-05-03 * "Investing 60% of cash in RGAGX"
  Assets:US:Vanguard:RGAGX                          2.111 RGAGX {170.56 USD, 2021-05-03}
  Assets:US:Vanguard:Cash                         -360.05 USD

2021-05-14 * "Employer match for contribution"
  Assets:US:Vanguard:Cash                          600.00 USD
  Income:US:Hoogle:Match401k                      -600.00 USD

2021-05-17 * "Investing 40% of cash in VBMPX"
  Assets:US:Vanguard:VBMPX                          3.475 VBMPX {138.11 USD, 2021-05-17}
  Assets:US:Vanguard:Cash                         -479.93 USD

2021-05-17 * "Investing 60% of cash in RGAGX"
  Assets:US:Vanguard:RGAGX                          4.197 RGAGX {171.56 USD, 2021-05-17}
  Assets:US:Vanguard:Cash                         -720.04 USD

2021-05-17 * "Investing 40% of cash in VBMPX"
  Assets:US:Vanguard:VBMPX                          1.738 VBMPX {138.11 USD, 2021-05-17}
  Assets:US:Vanguard:Cash                         -240.04 USD

2021-05-17 * "Investing 60% of cash in RGAGX"
  Assets:US:Vanguard:RGAGX                          2.098 RGAGX {171.56 USD, 2021-05-17}
  Assets:US:Vanguard:Cash                         -359.93 USD

2021-05-28 * "Employer match for contribution"
  Assets:US:Vanguard:Cash                          600.00 USD
  Income:US:Hoogle:Match401k                      -600.00 USD

2021-05-31 * "Investing 40% of cash in VBMPX"
  Assets:US:Vanguard:VBMPX                          3.456 VBMPX {138.91 USD, 2021-05-31}
  Assets:US:Vanguard:Cash                         -480.07 USD

2021-05-31 * "Investing 60% of cash in RGAGX"
  Assets:US:Vanguard:RGAGX                          4.156 RGAGX {173.24 USD, 2021-05-31}
  Assets:US:Vanguard:Cash                         -719.99 USD

2021-05-31 * "Investing 40% of cash in VBMPX"
  Assets:US:Vanguard:VBMPX                          1.728 VBMPX {138.91 USD, 2021-05-31}
  Assets:US:Vanguard:Cash                         -240.04 USD

2021-05-31 * "Investing 60% of cash in RGAGX"
  Assets:US:Vanguard:RGAGX                          2.078 RGAGX {173.24 USD, 2021-05-31}
  Assets:US:Vanguard:Cash                         -359.99 USD

2021-06-11 * "Employer match for contribution"
  Assets:US:Vanguard:Cash                          600.00 USD
  Income:US:Hoogle:Match401k                      -600.00 USD

2021-06-14 * "Investing 40% of cash in VBMPX"
  Assets:US:Vanguard:VBMPX                          3.501 VBMPX {137.10 USD, 2021-06-14}
  Assets:US:Vanguard:Cash                         -479.99 USD

2021-06-14 * "Investing 60% of cash in RGAGX"
  Assets:US:Vanguard:RGAGX                          4.053 RGAGX {177.66 USD, 2021-06-14}
  Assets:US:Vanguard:Cash                         -720.06 USD

2021-06-14 * "Investing 40% of cash in VBMPX"
  Assets:US:Vanguard:VBMPX                          1.750 VBMPX {137.10 USD, 2021-06-14}
  Assets:US:Vanguard:Cash                         -239.92 USD

2021-06-14 * "Investing 60% of cash in RGAGX"
  Assets:US:Vanguard:RGAGX                          2.026 RGAGX {177.66 USD, 2021-06-14}
  Assets:US:Vanguard:Cash                         -359.94 USD

2021-06-25 * "Employer match for contribution"
  Assets:US:Vanguard:Cash                          600.00 USD
  Income:US:Hoogle:Match401k                      -600.00 USD

2021-06-28 * "Investing 40% of cash in VBMPX"
  Assets:US:Vanguard:VBMPX                          3.468 VBMPX {138.43 USD, 2021-06-28}
  Assets:US:Vanguard:Cash                         -480.08 USD

2021-06-28 * "Investing 60% of cash in RGAGX"
  Assets:US:Vanguard:RGAGX                          4.037 RGAGX {178.34 USD, 2021-06-28}
  Assets:US:Vanguard:Cash                         -719.96 USD

2021-06-28 * "Investing 40% of cash in VBMPX"
  Assets:US:Vanguard:VBMPX                          1.734 VBMPX {138.43 USD, 2021-06-28}
  Assets:US:Vanguard:Cash                         -240.04 USD

2021-06-28 * "Investing 60% of cash in RGAGX"
  Assets:US:Vanguard:RGAGX                          2.019 RGAGX {178.34 USD, 2021-06-28}
  Assets:US:Vanguard:Cash                         -360.07 USD

2021-07-09 * "Employer match for contribution"
  Assets:US:Vanguard:Cash                          600.00 USD
  Income:US:Hoogle:Match401k                      -600.00 USD

2021-07-12 * "Investing 40% of cash in VBMPX"
  Assets:US:Vanguard:VBMPX                          3.432 VBMPX {139.86 USD, 2021-07-12}
  Assets:US:Vanguard:Cash                         -480.00 USD

2021-07-12 * "Investing 60% of cash in RGAGX"
  Assets:US:Vanguard:RGAGX                          4.020 RGAGX {179.07 USD, 2021-07-12}
  Assets:US:Vanguard:Cash                         -719.86 USD

2021-07-12 * "Investing 40% of cash in VBMPX"
  Assets:US:Vanguard:VBMPX                          1.716 VBMPX {139.86 USD, 2021-07-12}
  Assets:US:Vanguard:Cash                         -240.00 USD

2021-07-12 * "Investing 60% of cash in RGAGX"
  Assets:US:Vanguard:RGAGX                          2.011 RGAGX {179.07 USD, 2021-07-12}
  Assets:US:Vanguard:Cash                         -360.11 USD

2021-07-23 * "Employer match for contribution"
  Assets:US:Vanguard:Cash                          600.00 USD
  Income:US:Hoogle:Match401k                      -600.00 USD

2021-07-26 * "Investing 40% of cash in VBMPX"
  Assets:US:Vanguard:VBMPX                          3.519 VBMPX {136.39 USD, 2021-07-26}
  Assets:US:Vanguard:Cash                         -479.96 USD

2021-07-26 * "Investing 60% of cash in RGAGX"
  Assets:US:Vanguard:RGAGX                          3.987 RGAGX {180.60 USD, 2021-07-26}
  Assets:US:Vanguard:Cash                         -720.05 USD

2021-07-26 * "Investing 40% of cash in VBMPX"
  Assets:US:Vanguard:VBMPX                          1.759 VBMPX {136.39 USD, 2021-07-26}
  Assets:US:Vanguard:Cash                         -239.91 USD

2021-07-26 * "Investing 60% of cash in RGAGX"
  Assets:US:Vanguard:RGAGX                          1.993 RGAGX {180.60 USD, 2021-07-26}
  Assets:US:Vanguard:Cash                         -359.94 USD

2021-08-06 * "Employer match for contribution"
  Assets:US:Vanguard:Cash                          250.00 USD
  Income:US:Hoogle:Match401k                      -250.00 USD

2021-08-09 * "Investing 40% of cash in VBMPX"
  Assets:US:Vanguard:VBMPX                          1.430 VBMPX {139.87 USD, 2021-08-09}
  Assets:US:Vanguard:Cash                         -200.01 USD

2021-08-09 * "Investing 60% of cash in RGAGX"
  Assets:US:Vanguard:RGAGX                          1.657 RGAGX {181.13 USD, 2021-08-09}
  Assets:US:Vanguard:Cash                         -300.13 USD

2021-08-09 * "Investing 40% of cash in VBMPX"
  Assets:US:Vanguard:VBMPX                          0.715 VBMPX {139.87 USD, 2021-08-09}
  Assets:US:Vanguard:Cash                         -100.01 USD

2021-08-09 * "Investing 60% of cash in RGAGX"
  Assets:US:Vanguard:RGAGX                          0.828 RGAGX {181.13 USD, 2021-08-09}
  Assets:US:Vanguard:Cash                         -149.98 USD

2022-01-07 * "Employer match for contribution"
  Assets:US:Vanguard:Cash                          600.00 USD
  Income:US:Hoogle:Match401k                      -600.00 USD

2022-01-10 * "Investing 40% of cash in VBMPX"
  Assets:US:Vanguard:VBMPX                          3.453 VBMPX {139.02 USD, 2022-01-10}
  Assets:US:Vanguard:Cash                         -480.04 USD

2022-01-10 * "Investing 60% of cash in RGAGX"
  Assets:US:Vanguard:RGAGX                          3.891 RGAGX {185.05 USD, 2022-01-10}
  Assets:US:Vanguard:Cash                         -720.03 USD

2022-01-10 * "Investing 40% of cash in VBMPX"
  Assets:US:Vanguard:VBMPX                          1.726 VBMPX {139.02 USD, 2022-01-10}
  Assets:US:Vanguard:Cash                         -239.95 USD

2022-01-10 * "Investing 60% of cash in RGAGX"
  Assets:US:Vanguard:RGAGX                          1.945 RGAGX {185.05 USD, 2022-01-10}
  Assets:US:Vanguard:Cash                         -359.92 USD

2022-01-21 * "Employer match for contribution"
  Assets:US:Vanguard:Cash                          600.00 USD
  Income:US:Hoogle:Match401k                      -600.00 USD

2022-01-24 * "Investing 40% of cash in VBMPX"
  Assets:US:Vanguard:VBMPX                          3.542 VBMPX {135.51 USD, 2022-01-24}
  Assets:US:Vanguard:Cash                         -479.98 USD

2022-01-24 * "Investing 60% of cash in RGAGX"
  Assets:US:Vanguard:RGAGX                          3.895 RGAGX {184.87 USD, 2022-01-24}
  Assets:US:Vanguard:Cash                         -720.07 USD

2022-01-24 * "Investing 40% of cash in VBMPX"
  Assets:US:Vanguard:VBMPX                          1.771 VBMPX {135.51 USD, 2022-01-24}
  Assets:US:Vanguard:Cash                         -239.99 USD

2022-01-24 * "Investing 60% of cash in RGAGX"
  Assets:US:Vanguard:RGAGX                          1.947 RGAGX {184.87 USD, 2022-01-24}
  Assets:US:Vanguard:Cash                         -359.94 USD

2022-02-04 * "Employer match for contribution"
  Assets:US:Vanguard:Cash                          600.00 USD
  Income:US:Hoogle:Match401k                      -600.00 USD

2022-02-07 * "Investing 40% of cash in VBMPX"
  Assets:US:Vanguard:VBMPX                          3.600 VBMPX {133.33 USD, 2022-02-07}
  Assets:US:Vanguard:Cash                         -479.99 USD

2022-02-07 * "Investing 60% of cash in RGAGX"
  Assets:US:Vanguard:RGAGX                          3.852 RGAGX {186.94 USD, 2022-02-07}
  Assets:US:Vanguard:Cash                         -720.09 USD

2022-02-07 * "Investing 40% of cash in VBMPX"
  Assets:US:Vanguard:VBMPX                          1.800 VBMPX {133.33 USD, 2022-02-07}
  Assets:US:Vanguard:Cash                         -239.99 USD

2022-02-07 * "Investing 60% of cash in RGAGX"
  Assets:US:Vanguard:RGAGX                          1.926 RGAGX {186.94 USD, 2022-02-07}
  Assets:US:Vanguard:Cash                         -360.05 USD

2022-02-18 * "Employer match for contribution"
  Assets:US:Vanguard:Cash                          600.00 USD
  Income:US:Hoogle:Match401k                      -600.00 USD

2022-02-21 * "Investing 40% of cash in VBMPX"
  Assets:US:Vanguard:VBMPX                          3.491 VBMPX {137.50 USD, 2022-02-21}
  Assets:US:Vanguard:Cash                         -480.01 USD

2022-02-21 * "Investing 60% of cash in RGAGX"
  Assets:US:Vanguard:RGAGX                          3.845 RGAGX {187.26 USD, 2022-02-21}
  Assets:US:Vanguard:Cash                         -720.01 USD

2022-02-21 * "Investing 40% of cash in VBMPX"
  Assets:US:Vanguard:VBMPX                          1.745 VBMPX {137.50 USD, 2022-02-21}
  Assets:US:Vanguard:Cash                         -239.94 USD

2022-02-21 * "Investing 60% of cash in RGAGX"
  Assets:US:Vanguard:RGAGX                          1.922 RGAGX {187.26 USD, 2022-02-21}
  Assets:US:Vanguard:Cash                         -359.91 USD

2022-03-04 * "Employer match for contribution"
  Assets:US:Vanguard:Cash                          600.00 USD
  Income:US:Hoogle:Match401k                      -600.00 USD

2022-03-07 * "Investing 40% of cash in VBMPX"
  Assets:US:Vanguard:VBMPX                          3.386 VBMPX {141.76 USD, 2022-03-07}
  Assets:US:Vanguard:Cash                         -480.00 USD

2022-03-07 * "Investing 60% of cash in RGAGX"
  Assets:US:Vanguard:RGAGX                          3.815 RGAGX {188.74 USD, 2022-03-07}
  Assets:US:Vanguard:Cash                         -720.04 USD

2022-03-07 * "Investing 40% of cash in VBMPX"
  Assets:US:Vanguard:VBMPX                          1.693 VBMPX {141.76 USD, 2022-03-07}
  Assets:US:Vanguard:Cash                         -240.00 USD

2022-03-07 * "Investing 60% of cash in RGAGX"
  Assets:US:Vanguard:RGAGX                          1.907 RGAGX {188.74 USD, 2022-03-07}
  Assets:US:Vanguard:Cash                         -359.93 USD

2022-03-18 * "Employer match for contribution"
  Assets:US:Vanguard:Cash                          600.00 USD
  Income:US:Hoogle:Match401k                      -600.00 USD

2022-03-21 * "Investing 40% of cash in VBMPX"
  Assets:US:Vanguard:VBMPX                          3.355 VBMPX {143.06 USD, 2022-03-21}
  Assets:US:Vanguard:Cash                         -479.97 USD

2022-03-21 * "Investing 60% of cash in RGAGX"
  Assets:US:Vanguard:RGAGX                          3.781 RGAGX {190.45 USD, 2022-03-21}
  Assets:US:Vanguard:Cash                         -720.09 USD

2022-03-21 * "Investing 40% of cash in VBMPX"
  Assets:US:Vanguard:VBMPX                          1.678 VBMPX {143.06 USD, 2022-03-21}
  Assets:US:Vanguard:Cash                         -240.05 USD

2022-03-21 * "Investing 60% of cash in RGAGX"
  Assets:US:Vanguard:RGAGX                          1.890 RGAGX {190.45 USD, 2022-03-21}
  Assets:US:Vanguard:Cash                         -359.95 USD

2022-04-01 * "Employer match for contribution"
  Assets:US:Vanguard:Cash                          600.00 USD
  Income:US:Hoogle:Match401k                      -600.00 USD

2022-04-04 * "Investing 40% of cash in VBMPX"
  Assets:US:Vanguard:VBMPX                          3.355 VBMPX {143.07 USD, 2022-04-04}
  Assets:US:Vanguard:Cash                         -480.00 USD

2022-04-04 * "Investing 60% of cash in RGAGX"
  Assets:US:Vanguard:RGAGX                          3.790 RGAGX {190.00 USD, 2022-04-04}
  Assets:US:Vanguard:Cash                         -720.10 USD

2022-04-04 * "Investing 40% of cash in VBMPX"
  Assets:US:Vanguard:VBMPX                          1.677 VBMPX {143.07 USD, 2022-04-04}
  Assets:US:Vanguard:Cash                         -239.93 USD

2022-04-04 * "Investing 60% of cash in RGAGX"
  Assets:US:Vanguard:RGAGX                          1.894 RGAGX {190.00 USD, 2022-04-04}
  Assets:US:Vanguard:Cash                         -359.86 USD

2022-04-15 * "Employer match for contribution"
  Assets:US:Vanguard:Cash                          600.00 USD
  Income:US:Hoogle:Match401k                      -600.00 USD

2022-04-18 * "Investing 40% of cash in VBMPX"
  Assets:US:Vanguard:VBMPX                          3.430 VBMPX {139.94 USD, 2022-04-18}
  Assets:US:Vanguard:Cash                         -479.99 USD

2022-04-18 * "Investing 60% of cash in RGAGX"
  Assets:US:Vanguard:RGAGX                          3.816 RGAGX {188.69 USD, 2022-04-18}
  Assets:US:Vanguard:Cash                         -720.04 USD

2022-04-18 * "Investing 40% of cash in VBMPX"
  Assets:US:Vanguard:VBMPX                          1.715 VBMPX {139.94 USD, 2022-04-18}
  Assets:US:Vanguard:Cash                         -240.00 USD

2022-04-18 * "Investing 60% of cash in RGAGX"
  Assets:US:Vanguard:RGAGX                          1.908 RGAGX {188.69 USD, 2022-04-18}
  Assets:US:Vanguard:Cash                         -360.02 USD

2022-04-29 * "Employer match for contribution"
  Assets:US:Vanguard:Cash                          600.00 USD
  Income:US:Hoogle:Match401k                      -600.00 USD

2022-05-02 * "Investing 40% of cash in VBMPX"
  Assets:US:Vanguard:VBMPX                          3.421 VBMPX {140.30 USD, 2022-05-02}
  Assets:US:Vanguard:Cash                         -479.97 USD

2022-05-02 * "Investing 60% of cash in RGAGX"
  Assets:US:Vanguard:RGAGX                          3.810 RGAGX {189.00 USD, 2022-05-02}
  Assets:US:Vanguard:Cash                         -720.09 USD

2022-05-02 * "Investing 40% of cash in VBMPX"
  Assets:US:Vanguard:VBMPX                          1.711 VBMPX {140.30 USD, 2022-05-02}
  Assets:US:Vanguard:Cash                         -240.05 USD

2022-05-02 * "Investing 60% of cash in RGAGX"
  Assets:US:Vanguard:RGAGX                          1.905 RGAGX {189.00 USD, 2022-05-02}
  Assets:US:Vanguard:Cash                         -360.04 USD

2022-05-13 * "Employer match for contribution"
  Assets:US:Vanguard:Cash                          600.00 USD
  Income:US:Hoogle:Match401k                      -600.00 USD

2022-05-16 * "Investing 40% of cash in VBMPX"
  Assets:US:Vanguard:VBMPX                          3.475 VBMPX {138.13 USD, 2022-05-16}
  Assets:US:Vanguard:Cash                         -480.00 USD

2022-05-16 * "Investing 60% of cash in RGAGX"
  Assets:US:Vanguard:RGAGX                          3.782 RGAGX {190.38 USD, 2022-05-16}
  Assets:US:Vanguard:Cash                         -720.02 USD

2022-05-16 * "Investing 40% of cash in VBMPX"
  Assets:US:Vanguard:VBMPX                          1.737 VBMPX {138.13 USD, 2022-05-16}
  Assets:US:Vanguard:Cash                         -239.93 USD

2022-05-16 * "Investing 60% of cash in RGAGX"
  Assets:US:Vanguard:RGAGX                          1.891 RGAGX {190.38 USD, 2022-05-16}
  Assets:US:Vanguard:Cash                         -360.01 USD

2022-05-27 * "Employer match for contribution"
  Assets:US:Vanguard:Cash                          600.00 USD
  Income:US:Hoogle:Match401k                      -600.00 USD

2022-05-30 * "Investing 40% of cash in VBMPX"
  Assets:US:Vanguard:VBMPX                          3.492 VBMPX {137.46 USD, 2022-05-30}
  Assets:US:Vanguard:Cash                         -480.01 USD

2022-05-30 * "Investing 60% of cash in RGAGX"
  Assets:US:Vanguard:RGAGX                          3.766 RGAGX {191.16 USD, 2022-05-30}
  Assets:US:Vanguard:Cash                         -719.91 USD

2022-05-30 * "Investing 40% of cash in VBMPX"
  Assets:US:Vanguard:VBMPX                          1.746 VBMPX {137.46 USD, 2022-05-30}
  Assets:US:Vanguard:Cash                         -240.01 USD

2022-05-30 * "Investing 60% of cash in RGAGX"
  Assets:US:Vanguard:RGAGX                          1.883 RGAGX {191.16 USD, 2022-05-30}
  Assets:US:Vanguard:Cash                         -359.95 USD

2022-06-10 * "Employer match for contribution"
  Assets:US:Vanguard:Cash                          600.00 USD
  Income:US:Hoogle:Match401k                      -600.00 USD

2022-06-13 * "Investing 40% of cash in VBMPX"
  Assets:US:Vanguard:VBMPX                          3.519 VBMPX {136.40 USD, 2022-06-13}
  Assets:US:Vanguard:Cash                         -479.99 USD

2022-06-13 * "Investing 60% of cash in RGAGX"
  Assets:US:Vanguard:RGAGX                          3.804 RGAGX {189.31 USD, 2022-06-13}
  Assets:US:Vanguard:Cash                         -720.14 USD

2022-06-13 * "Investing 40% of cash in VBMPX"
  Assets:US:Vanguard:VBMPX                          1.759 VBMPX {136.40 USD, 2022-06-13}
  Assets:US:Vanguard:Cash                         -239.93 USD

2022-06-13 * "Investing 60% of cash in RGAGX"
  Assets:US:Vanguard:RGAGX                          1.901 RGAGX {189.31 USD, 2022-06-13}
  Assets:US:Vanguard:Cash                         -359.88 USD

2022-06-24 * "Employer match for contribution"
  Assets:US:Vanguard:Cash                          600.00 USD
  Income:US:Hoogle:Match401k                      -600.00 USD

2022-06-27 * "Investing 40% of cash in VBMPX"
  Assets:US:Vanguard:VBMPX                          3.532 VBMPX {135.92 USD, 2022-06-27}
  Assets:US:Vanguard:Cash                         -480.07 USD

2022-06-27 * "Investing 60% of cash in RGAGX"
  Assets:US:Vanguard:RGAGX                          3.801 RGAGX {189.45 USD, 2022-06-27}
  Assets:US:Vanguard:Cash                         -720.10 USD

2022-06-27 * "Investing 40% of cash in VBMPX"
  Assets:US:Vanguard:VBMPX                          1.766 VBMPX {135.92 USD, 2022-06-27}
  Assets:US:Vanguard:Cash                         -240.03 USD

2022-06-27 * "Investing 60% of cash in RGAGX"
  Assets:US:Vanguard:RGAGX                          1.900 RGAGX {189.45 USD, 2022-06-27}
  Assets:US:Vanguard:Cash                         -359.96 USD

2022-07-08 * "Employer match for contribution"
  Assets:US:Vanguard:Cash                          600.00 USD
  Income:US:Hoogle:Match401k                      -600.00 USD

2022-07-11 * "Investing 40% of cash in VBMPX"
  Assets:US:Vanguard:VBMPX                          3.472 VBMPX {138.25 USD, 2022-07-11}
  Assets:US:Vanguard:Cash                         -480.00 USD

2022-07-11 * "Investing 60% of cash in RGAGX"
  Assets:US:Vanguard:RGAGX                          3.780 RGAGX {190.46 USD, 2022-07-11}
  Assets:US:Vanguard:Cash                         -719.94 USD

2022-07-11 * "Investing 40% of cash in VBMPX"
  Assets:US:Vanguard:VBMPX                          1.736 VBMPX {138.25 USD, 2022-07-11}
  Assets:US:Vanguard:Cash                         -240.00 USD

2022-07-11 * "Investing 60% of cash in RGAGX"
  Assets:US:Vanguard:RGAGX                          1.890 RGAGX {190.46 USD, 2022-07-11}
  Assets:US:Vanguard:Cash                         -359.97 USD

2022-07-22 * "Employer match for contribution"
  Assets:US:Vanguard:Cash                          600.00 USD
  Income:US:Hoogle:Match401k                      -600.00 USD

2022-07-25 * "Investing 40% of cash in VBMPX"
  Assets:US:Vanguard:VBMPX                          3.391 VBMPX {141.56 USD, 2022-07-25}
  Assets:US:Vanguard:Cash                         -480.03 USD

2022-07-25 * "Investing 60% of cash in RGAGX"
  Assets:US:Vanguard:RGAGX                          3.749 RGAGX {192.08 USD, 2022-07-25}
  Assets:US:Vanguard:Cash                         -720.11 USD

2022-07-25 * "Investing 40% of cash in VBMPX"
  Assets:US:Vanguard:VBMPX                          1.695 VBMPX {141.56 USD, 2022-07-25}
  Assets:US:Vanguard:Cash                         -239.94 USD

2022-07-25 * "Investing 60% of cash in RGAGX"
  Assets:US:Vanguard:RGAGX                          1.874 RGAGX {192.08 USD, 2022-07-25}
  Assets:US:Vanguard:Cash                         -359.96 USD

2022-08-05 * "Employer match for contribution"
  Assets:US:Vanguard:Cash                          250.00 USD
  Income:US:Hoogle:Match401k                      -250.00 USD

2022-08-08 * "Investing 40% of cash in VBMPX"
  Assets:US:Vanguard:VBMPX                          1.438 VBMPX {139.05 USD, 2022-08-08}
  Assets:US:Vanguard:Cash                         -199.95 USD

2022-08-08 * "Investing 60% of cash in RGAGX"
  Assets:US:Vanguard:RGAGX                          1.523 RGAGX {196.96 USD, 2022-08-08}
  Assets:US:Vanguard:Cash                         -299.97 USD

2022-08-08 * "Investing 40% of cash in VBMPX"
  Assets:US:Vanguard:VBMPX                          0.719 VBMPX {139.05 USD, 2022-08-08}
  Assets:US:Vanguard:Cash                          -99.98 USD

2022-08-08 * "Investing 60% of cash in RGAGX"
  Assets:US:Vanguard:RGAGX                          0.762 RGAGX {196.96 USD, 2022-08-08}
  Assets:US:Vanguard:Cash                         -150.08 USD

2023-01-06 * "Employer match for contribution"
  Assets:US:Vanguard:Cash                          600.00 USD
  Income:US:Hoogle:Match401k                      -600.00 USD

2023-01-09 * "Investing 40% of cash in VBMPX"
  Assets:US:Vanguard:VBMPX                          3.043 VBMPX {157.73 USD, 2023-01-09}
  Assets:US:Vanguard:Cash                         -479.97 USD

2023-01-09 * "Investing 60% of cash in RGAGX"
  Assets:US:Vanguard:RGAGX                          3.659 RGAGX {196.80 USD, 2023-01-09}
  Assets:US:Vanguard:Cash                         -720.09 USD

2023-01-09 * "Investing 40% of cash in VBMPX"
  Assets:US:Vanguard:VBMPX                          1.522 VBMPX {157.73 USD, 2023-01-09}
  Assets:US:Vanguard:Cash                         -240.07 USD

2023-01-09 * "Investing 60% of cash in RGAGX"
  Assets:US:Vanguard:RGAGX                          1.829 RGAGX {196.80 USD, 2023-01-09}
  Assets:US:Vanguard:Cash                         -359.95 USD

2023-01-20 * "Employer match for contribution"
  Assets:US:Vanguard:Cash                          600.00 USD
  Income:US:Hoogle:Match401k                      -600.00 USD

2023-01-23 * "Investing 40% of cash in VBMPX"
  Assets:US:Vanguard:VBMPX                          2.876 VBMPX {166.87 USD, 2023-01-23}
  Assets:US:Vanguard:Cash                         -479.92 USD

2023-01-23 * "Investing 60% of cash in RGAGX"
  Assets:US:Vanguard:RGAGX                          3.646 RGAGX {197.49 USD, 2023-01-23}
  Assets:US:Vanguard:Cash                         -720.05 USD

2023-01-23 * "Investing 40% of cash in VBMPX"
  Assets:US:Vanguard:VBMPX                          1.438 VBMPX {166.87 USD, 2023-01-23}
  Assets:US:Vanguard:Cash                         -239.96 USD

2023-01-23 * "Investing 60% of cash in RGAGX"
  Assets:US:Vanguard:RGAGX                          1.823 RGAGX {197.49 USD, 2023-01-23}
  Assets:US:Vanguard:Cash                         -360.02 USD

2023-02-03 * "Employer match for contribution"
  Assets:US:Vanguard:Cash                          600.00 USD
  Income:US:Hoogle:Match401k                      -600.00 USD

2023-02-06 * "Investing 40% of cash in VBMPX"
  Assets:US:Vanguard:VBMPX                          2.745 VBMPX {174.86 USD, 2023-02-06}
  Assets:US:Vanguard:Cash                         -479.99 USD

2023-02-06 * "Investing 60% of cash in RGAGX"
  Assets:US:Vanguard:RGAGX                          3.632 RGAGX {198.25 USD, 2023-02-06}
  Assets:US:Vanguard:Cash                         -720.04 USD

2023-02-06 * "Investing 40% of cash in VBMPX"
  Assets:US:Vanguard:VBMPX                          1.373 VBMPX {174.86 USD, 2023-02-06}
  Assets:US:Vanguard:Cash                         -240.08 USD

2023-02-06 * "Investing 60% of cash in RGAGX"
  Assets:US:Vanguard:RGAGX                          1.816 RGAGX {198.25 USD, 2023-02-06}
  Assets:US:Vanguard:Cash                         -360.02 USD

2023-02-17 * "Employer match for contribution"
  Assets:US:Vanguard:Cash                          600.00 USD
  Income:US:Hoogle:Match401k                      -600.00 USD

2023-02-20 * "Investing 40% of cash in VBMPX"
  Assets:US:Vanguard:VBMPX                          2.832 VBMPX {169.48 USD, 2023-02-20}
  Assets:US:Vanguard:Cash                         -479.97 USD

2023-02-20 * "Investing 60% of cash in RGAGX"
  Assets:US:Vanguard:RGAGX                          3.660 RGAGX {196.69 USD, 2023-02-20}
  Assets:US:Vanguard:Cash                         -719.89 USD

2023-02-20 * "Investing 40% of cash in VBMPX"
  Assets:US:Vanguard:VBMPX                          1.416 VBMPX {169.48 USD, 2023-02-20}
  Assets:US:Vanguard:Cash                         -239.98 USD

2023-02-20 * "Investing 60% of cash in RGAGX"
  Assets:US:Vanguard:RGAGX                          1.830 RGAGX {196.69 USD, 2023-02-20}
  Assets:US:Vanguard:Cash                         -359.94 USD

2023-03-03 * "Employer match for contribution"
  Assets:US:Vanguard:Cash                          600.00 USD
  Income:US:Hoogle:Match401k                      -600.00 USD

2023-03-06 * "Investing 40% of cash in VBMPX"
  Assets:US:Vanguard:VBMPX                          2.847 VBMPX {168.63 USD, 2023-03-06}
  Assets:US:Vanguard:Cash                         -480.09 USD

2023-03-06 * "Investing 60% of cash in RGAGX"
  Assets:US:Vanguard:RGAGX                          3.657 RGAGX {196.92 USD, 2023-03-06}
  Assets:US:Vanguard:Cash                         -720.14 USD

2023-03-06 * "Investing 40% of cash in VBMPX"
  Assets:US:Vanguard:VBMPX                          1.423 VBMPX {168.63 USD, 2023-03-06}
  Assets:US:Vanguard:Cash                         -239.96 USD

2023-03-06 * "Investing 60% of cash in RGAGX"
  Assets:US:Vanguard:RGAGX                          1.828 RGAGX {196.92 USD, 2023-03-06}
  Assets:US:Vanguard:Cash                         -359.97 USD

2023-03-17 * "Employer match for contribution"
  Assets:US:Vanguard:Cash                          600.00 USD
  Income:US:Hoogle:Match401k                      -600.00 USD

2023-03-20 * "Investing 40% of cash in VBMPX"
  Assets:US:Vanguard:VBMPX                          2.834 VBMPX {169.35 USD, 2023-03-20}
  Assets:US:Vanguard:Cash                         -479.94 USD

2023-03-20 * "Investing 60% of cash in RGAGX"
  Assets:US:Vanguard:RGAGX                          3.665 RGAGX {196.45 USD, 2023-03-20}
  Assets:US:Vanguard:Cash                         -719.99 USD

2023-03-20 * "Investing 40% of cash in VBMPX"
  Assets:US:Vanguard:VBMPX                          1.417 VBMPX {169.35 USD, 2023-03-20}
  Assets:US:Vanguard:Cash                         -239.97 USD

2023-03-20 * "Investing 60% of cash in RGAGX"
  Assets:US:Vanguard:RGAGX                          1.833 RGAGX {196.45 USD, 2023-03-20}
  Assets:US:Vanguard:Cash                         -360.09 USD

2023-03-31 * "Employer match for contribution"
  Assets:US:Vanguard:Cash                          600.00 USD
  Income:US:Hoogle:Match401k                      -600.00 USD

2023-04-03 * "Investing 40% of cash in VBMPX"
  Assets:US:Vanguard:VBMPX                          2.790 VBMPX {172.04 USD, 2023-04-03}
  Assets:US:Vanguard:Cash                         -479.99 USD

2023-04-03 * "Investing 60% of cash in RGAGX"
  Assets:US:Vanguard:RGAGX                          3.677 RGAGX {195.81 USD, 2023-04-03}
  Assets:US:Vanguard:Cash                         -719.99 USD

2023-04-03 * "Investing 40% of cash in VBMPX"
  Assets:US:Vanguard:VBMPX                          1.395 VBMPX {172.04 USD, 2023-04-03}
  Assets:US:Vanguard:Cash                         -240.00 USD

2023-04-03 * "Investing 60% of cash in RGAGX"
  Assets:US:Vanguard:RGAGX                          1.838 RGAGX {195.81 USD, 2023-04-03}
  Assets:US:Vanguard:Cash                         -359.90 USD

2023-04-14 * "Employer match for contribution"
  Assets:US:Vanguard:Cash                          600.00 USD
  Income:US:Hoogle:Match401k                      -600.00 USD

2023-04-17 * "Investing 40% of cash in VBMPX"
  Assets:US:Vanguard:VBMPX                          2.730 VBMPX {175.84 USD, 2023-04-17}
  Assets:US:Vanguard:Cash                         -480.04 USD

2023-04-17 * "Investing 60% of cash in RGAGX"
  Assets:US:Vanguard:RGAGX                          3.702 RGAGX {194.49 USD, 2023-04-17}
  Assets:US:Vanguard:Cash                         -720.00 USD

2023-04-17 * "Investing 40% of cash in VBMPX"
  Assets:US:Vanguard:VBMPX                          1.365 VBMPX {175.84 USD, 2023-04-17}
  Assets:US:Vanguard:Cash                         -240.02 USD

2023-04-17 * "Investing 60% of cash in RGAGX"
  Assets:US:Vanguard:RGAGX                          1.851 RGAGX {194.49 USD, 2023-04-17}
  Assets:US:Vanguard:Cash                         -360.00 USD



* Sources of Income

2021-01-01 open Income:US:Hoogle:Salary                      USD
2021-01-01 open Income:US:Hoogle:GroupTermLife               USD
2021-01-01 open Income:US:Hoogle:Vacation                    VACHR
2021-01-01 open Assets:US:Hoogle:Vacation                    VACHR
2021-01-01 open Expenses:Vacation                               VACHR
2021-01-01 open Expenses:Health:Life:GroupTermLife
2021-01-01 open Expenses:Health:Medical:Insurance
2021-01-01 open Expenses:Health:Dental:Insurance
2021-01-01 open Expenses:Health:Vision:Insurance

2021-01-01 event "employer" "Hoogle, 1600 Amphibious Parkway, River View, CA"

2021-01-07 * "Hoogle" "Payroll"
  Assets:US:BofA:Checking                         1350.60 USD
  Assets:US:Vanguard:Cash                         1200.00 USD
  Income:US:Hoogle:Salary                        -4615.38 USD
  Income:US:Hoogle:GroupTermLife                   -24.32 USD
  Expenses:Health:Life:GroupTermLife                24.32 USD
  Expenses:Health:Dental:Insurance                   2.90 USD
  Expenses:Health:Medical:Insurance                 27.38 USD
  Expenses:Health:Vision:Insurance                  42.30 USD
  Expenses:Taxes:Y2021:US:Medicare                 106.62 USD
  Expenses:Taxes:Y2021:US:Federal                 1062.92 USD
  Expenses:Taxes:Y2021:US:State                    365.08 USD
  Expenses:Taxes:Y2021:US:CityNYC                  174.92 USD
  Expenses:Taxes:Y2021:US:SDI                        1.12 USD
  Expenses:Taxes:Y2021:US:SocSec                   281.54 USD
  Assets:US:Federal:PreTax401k                   -1200.00 IRAUSD
  Expenses:Taxes:Y2021:US:Federal:PreTax401k      1200.00 IRAUSD
  Assets:US:Hoogle:Vacation                             5 VACHR
  Income:US:Hoogle:Vacation                            -5 VACHR

2021-01-21 * "Hoogle" "Payroll"
  Assets:US:BofA:Checking                         1350.60 USD
  Assets:US:Vanguard:Cash                         1200.00 USD
  Income:US:Hoogle:Salary                        -4615.38 USD
  Income:US:Hoogle:GroupTermLife                   -24.32 USD
  Expenses:Health:Life:GroupTermLife                24.32 USD
  Expenses:Health:Dental:Insurance                   2.90 USD
  Expenses:Health:Medical:Insurance                 27.38 USD
  Expenses:Health:Vision:Insurance                  42.30 USD
  Expenses:Taxes:Y2021:US:Medicare                 106.62 USD
  Expenses:Taxes:Y2021:US:Federal                 1062.92 USD
  Expenses:Taxes:Y2021:US:State                    365.08 USD
  Expenses:Taxes:Y2021:US:CityNYC                  174.92 USD
  Expenses:Taxes:Y2021:US:SDI                        1.12 USD
  Expenses:Taxes:Y2021:US:SocSec                   281.54 USD
  Assets:US:Federal:PreTax401k                   -1200.00 IRAUSD
  Expenses:Taxes:Y2021:US:Federal:PreTax401k      1200.00 IRAUSD
  Assets:US:Hoogle:Vacation                             5 VACHR
  Income:US:Hoogle:Vacation                            -5 VACHR

2021-02-04 * "Hoogle" "Payroll"
  Assets:US:BofA:Checking                         1350.60 USD
  Assets:US:Vanguard:Cash                         1200.00 USD
  Income:US:Hoogle:Salary                        -4615.38 USD
  Income:US:Hoogle:GroupTermLife                   -24.32 USD
  Expenses:Health:Life:GroupTermLife                24.32 USD
  Expenses:Health:Dental:Insurance                   2.90 USD
  Expenses:Health:Medical:Insurance                 27.38 USD
  Expenses:Health:Vision:Insurance                  42.30 USD
  Expenses:Taxes:Y2021:US:Medicare                 106.62 USD
  Expenses:Taxes:Y2021:US:Federal                 1062.92 USD
  Expenses:Taxes:Y2021:US:State                    365.08 USD
  Expenses:Taxes:Y2021:US:CityNYC                  174.92 USD
  Expenses:Taxes:Y2021:US:SDI                        1.12 USD
  Expenses:Taxes:Y2021:US:SocSec                   281.54 USD
  Assets:US:Federal:PreTax401k                   -1200.00 IRAUSD
  Expenses:Taxes:Y2021:US:Federal:PreTax401k      1200.00 IRAUSD
  Assets:US:Hoogle:Vacation                             5 VACHR
  Income:US:Hoogle:Vacation                            -5 VACHR

2021-02-18 * "Hoogle" "Payroll"
  Assets:US:BofA:Checking                         1350.60 USD
  Assets:US:Vanguard:Cash                         1200.00 USD
  Income:US:Hoogle:Salary                        -4615.38 USD
  Income:US:Hoogle:GroupTermLife                   -24.32 USD
  Expenses:Health:Life:GroupTermLife                24.32 USD
  Expenses:Health:Dental:Insurance                   2.90 USD
  Expenses:Health:Medical:Insurance                 27.38 USD
  Expenses:Health:Vision:Insurance                  42.30 USD
  Expenses:Taxes:Y2021:US:Medicare                 106.62 USD
  Expenses:Taxes:Y2021:US:Federal                 1062.92 USD
  Expenses:Taxes:Y2021:US:State                    365.08 USD
  Expenses:Taxes:Y2021:US:CityNYC                  174.92 USD
  Expenses:Taxes:Y2021:US:SDI                        1.12 USD
  Expenses:Taxes:Y2021:US:SocSec                   281.54 USD
  Assets:US:Federal:PreTax401k                   -1200.00 IRAUSD
  Expenses:Taxes:Y2021:US:Federal:PreTax401k      1200.00 IRAUSD
  Assets:US:Hoogle:Vacation                             5 VACHR
  Income:US:Hoogle:Vacation                            -5 VACHR

2021-03-04 * "Hoogle" "Payroll"
  Assets:US:BofA:Checking                         1350.60 USD
  Assets:US:Vanguard:Cash                         1200.00 USD
  Income:US:Hoogle:Salary                        -4615.38 USD
  Income:US:Hoogle:GroupTermLife                   -24.32 USD
  Expenses:Health:Life:GroupTermLife                24.32 USD
  Expenses:Health:Dental:Insurance                   2.90 USD
  Expenses:Health:Medical:Insurance                 27.38 USD
  Expenses:Health:Vision:Insurance                  42.30 USD
  Expenses:Taxes:Y2021:US:Medicare                 106.62 USD
  Expenses:Taxes:Y2021:US:Federal                 1062.92 USD
  Expenses:Taxes:Y2021:US:State                    365.08 USD
  Expenses:Taxes:Y2021:US:CityNYC                  174.92 USD
  Expenses:Taxes:Y2021:US:SDI                        1.12 USD
  Expenses:Taxes:Y2021:US:SocSec                   281.54 USD
  Assets:US:Federal:PreTax401k                   -1200.00 IRAUSD
  Expenses:Taxes:Y2021:US:Federal:PreTax401k      1200.00 IRAUSD
  Assets:US:Hoogle:Vacation                             5 VACHR
  Income:US:Hoogle:Vacation                            -5 VACHR

2021-03-18 * "Hoogle" "Payroll"
  Assets:US:BofA:Checking                         1350.60 USD
  Assets:US:Vanguard:Cash                         1200.00 USD
  Income:US:Hoogle:Salary                        -4615.38 USD
  Income:US:Hoogle:GroupTermLife                   -24.32 USD
  Expenses:Health:Life:GroupTermLife                24.32 USD
  Expenses:Health:Dental:Insurance                   2.90 USD
  Expenses:Health:Medical:Insurance                 27.38 USD
  Expenses:Health:Vision:Insurance                  42.30 USD
  Expenses:Taxes:Y2021:US:Medicare                 106.62 USD
  Expenses:Taxes:Y2021:US:Federal                 1062.92 USD
  Expenses:Taxes:Y2021:US:State                    365.08 USD
  Expenses:Taxes:Y2021:US:CityNYC                  174.92 USD
  Expenses:Taxes:Y2021:US:SDI                        1.12 USD
  Expenses:Taxes:Y2021:US:SocSec                   281.54 USD
  Assets:US:Federal:PreTax401k                   -1200.00 IRAUSD
  Expenses:Taxes:Y2021:US:Federal:PreTax401k      1200.00 IRAUSD
  Assets:US:Hoogle:Vacation                             5 VACHR
  Income:US:Hoogle:Vacation                            -5 VACHR

2021-04-01 * "Hoogle" "Payroll"
  Assets:US:BofA:Checking                         1350.60 USD
  Assets:US:Vanguard:Cash                         1200.00 USD
  Income:US:Hoogle:Salary                        -4615.38 USD
  Income:US:Hoogle:GroupTermLife                   -24.32 USD
  Expenses:Health:Life:GroupTermLife                24.32 USD
  Expenses:Health:Dental:Insurance                   2.90 USD
  Expenses:Health:Medical:Insurance                 27.38 USD
  Expenses:Health:Vision:Insurance                  42.30 USD
  Expenses:Taxes:Y2021:US:Medicare                 106.62 USD
  Expenses:Taxes:Y2021:US:Federal                 1062.92 USD
  Expenses:Taxes:Y2021:US:State                    365.08 USD
  Expenses:Taxes:Y2021:US:CityNYC                  174.92 USD
  Expenses:Taxes:Y2021:US:SDI                        1.12 USD
  Expenses:Taxes:Y2021:US:SocSec                   281.54 USD
  Assets:US:Federal:PreTax401k                   -1200.00 IRAUSD
  Expenses:Taxes:Y2021:US:Federal:PreTax401k      1200.00 IRAUSD
  Assets:US:Hoogle:Vacation                             5 VACHR
  Income:US:Hoogle:Vacation                            -5 VACHR

2021-04-15 * "Hoogle" "Payroll"
  Assets:US:BofA:Checking                         1350.60 USD
  Assets:US:Vanguard:Cash                         1200.00 USD
  Income:US:Hoogle:Salary                        -4615.38 USD
  Income:US:Hoogle:GroupTermLife                   -24.32 USD
  Expenses:Health:Life:GroupTermLife                24.32 USD
  Expenses:Health:Dental:Insurance                   2.90 USD
  Expenses:Health:Medical:Insurance                 27.38 USD
  Expenses:Health:Vision:Insurance                  42.30 USD
  Expenses:Taxes:Y2021:US:Medicare                 106.62 USD
  Expenses:Taxes:Y2021:US:Federal                 1062.92 USD
  Expenses:Taxes:Y2021:US:State                    365.08 USD
  Expenses:Taxes:Y2021:US:CityNYC                  174.92 USD
  Expenses:Taxes:Y2021:US:SDI                        1.12 USD
  Expenses:Taxes:Y2021:US:SocSec                   281.54 USD
  Assets:US:Federal:PreTax401k                   -1200.00 IRAUSD
  Expenses:Taxes:Y2021:US:Federal:PreTax401k      1200.00 IRAUSD
  Assets:US:Hoogle:Vacation                             5 VACHR
  Income:US:Hoogle:Vacation                            -5 VACHR

2021-04-29 * "Hoogle" "Payroll"
  Assets:US:BofA:Checking                         1350.60 USD
  Assets:US:Vanguard:Cash                         1200.00 USD
  Income:US:Hoogle:Salary                        -4615.38 USD
  Income:US:Hoogle:GroupTermLife                   -24.32 USD
  Expenses:Health:Life:GroupTermLife                24.32 USD
  Expenses:Health:Dental:Insurance                   2.90 USD
  Expenses:Health:Medical:Insurance                 27.38 USD
  Expenses:Health:Vision:Insurance                  42.30 USD
  Expenses:Taxes:Y2021:US:Medicare                 106.62 USD
  Expenses:Taxes:Y2021:US:Federal                 1062.92 USD
  Expenses:Taxes:Y2021:US:State                    365.08 USD
  Expenses:Taxes:Y2021:US:CityNYC                  174.92 USD
  Expenses:Taxes:Y2021:US:SDI                        1.12 USD
  Expenses:Taxes:Y2021:US:SocSec                   281.54 USD
  Assets:US:Federal:PreTax401k                   -1200.00 IRAUSD
  Expenses:Taxes:Y2021:US:Federal:PreTax401k      1200.00 IRAUSD
  Assets:US:Hoogle:Vacation                             5 VACHR
  Income:US:Hoogle:Vacation                            -5 VACHR

2021-05-13 * "Hoogle" "Payroll"
  Assets:US:BofA:Checking                         1350.60 USD
  Assets:US:Vanguard:Cash                         1200.00 USD
  Income:US:Hoogle:Salary                        -4615.38 USD
  Income:US:Hoogle:GroupTermLife                   -24.32 USD
  Expenses:Health:Life:GroupTermLife                24.32 USD
  Expenses:Health:Dental:Insurance                   2.90 USD
  Expenses:Health:Medical:Insurance                 27.38 USD
  Expenses:Health:Vision:Insurance                  42.30 USD
  Expenses:Taxes:Y2021:US:Medicare                 106.62 USD
  Expenses:Taxes:Y2021:US:Federal                 1062.92 USD
  Expenses:Taxes:Y2021:US:State                    365.08 USD
  Expenses:Taxes:Y2021:US:CityNYC                  174.92 USD
  Expenses:Taxes:Y2021:US:SDI                        1.12 USD
  Expenses:Taxes:Y2021:US:SocSec                   281.54 USD
  Assets:US:Federal:PreTax401k                   -1200.00 IRAUSD
  Expenses:Taxes:Y2021:US:Federal:PreTax401k      1200.00 IRAUSD
  Assets:US:Hoogle:Vacation                             5 VACHR
  Income:US:Hoogle:Vacation                            -5 VACHR

2021-05-27 * "Hoogle" "Payroll"
  Assets:US:BofA:Checking                         1350.60 USD
  Assets:US:Vanguard:Cash                         1200.00 USD
  Income:US:Hoogle:Salary                        -4615.38 USD
  Income:US:Hoogle:GroupTermLife                   -24.32 USD
  Expenses:Health:Life:GroupTermLife                24.32 USD
  Expenses:Health:Dental:Insurance                   2.90 USD
  Expenses:Health:Medical:Insurance                 27.38 USD
  Expenses:Health:Vision:Insurance                  42.30 USD
  Expenses:Taxes:Y2021:US:Medicare                 106.62 USD
  Expenses:Taxes:Y2021:US:Federal                 1062.92 USD
  Expenses:Taxes:Y2021:US:State                    365.08 USD
  Expenses:Taxes:Y2021:US:CityNYC                  174.92 USD
  Expenses:Taxes:Y2021:US:SDI                        1.12 USD
  Expenses:Taxes:Y2021:US:SocSec                   281.54 USD
  Assets:US:Federal:PreTax401k                   -1200.00 IRAUSD
  Expenses:Taxes:Y2021:US:Federal:PreTax401k      1200.00 IRAUSD
  Assets:US:Hoogle:Vacation                             5 VACHR
  Income:US:Hoogle:Vacation                            -5 VACHR

2021-06-10 * "Hoogle" "Payroll"
  Assets:US:BofA:Checking                         1350.60 USD
  Assets:US:Vanguard:Cash                         1200.00 USD
  Income:US:Hoogle:Salary                        -4615.38 USD
  Income:US:Hoogle:GroupTermLife                   -24.32 USD
  Expenses:Health:Life:GroupTermLife                24.32 USD
  Expenses:Health:Dental:Insurance                   2.90 USD
  Expenses:Health:Medical:Insurance                 27.38 USD
  Expenses:Health:Vision:Insurance                  42.30 USD
  Expenses:Taxes:Y2021:US:Medicare                 106.62 USD
  Expenses:Taxes:Y2021:US:Federal                 1062.92 USD
  Expenses:Taxes:Y2021:US:State                    365.08 USD
  Expenses:Taxes:Y2021:US:CityNYC                  174.92 USD
  Expenses:Taxes:Y2021:US:SDI                        1.12 USD
  Expenses:Taxes:Y2021:US:SocSec                   281.54 USD
  Assets:US:Federal:PreTax401k                   -1200.00 IRAUSD
  Expenses:Taxes:Y2021:US:Federal:PreTax401k      1200.00 IRAUSD
  Assets:US:Hoogle:Vacation                             5 VACHR
  Income:US:Hoogle:Vacation                            -5 VACHR

2021-06-24 * "Hoogle" "Payroll"
  Assets:US:BofA:Checking                         1350.60 USD
  Assets:US:Vanguard:Cash                         1200.00 USD
  Income:US:Hoogle:Salary                        -4615.38 USD
  Income:US:Hoogle:GroupTermLife                   -24.32 USD
  Expenses:Health:Life:GroupTermLife                24.32 USD
  Expenses:Health:Dental:Insurance                   2.90 USD
  Expenses:Health:Medical:Insurance                 27.38 USD
  Expenses:Health:Vision:Insurance                  42.30 USD
  Expenses:Taxes:Y2021:US:Medicare                 106.62 USD
  Expenses:Taxes:Y2021:US:Federal                 1062.92 USD
  Expenses:Taxes:Y2021:US:State                    365.08 USD
  Expenses:Taxes:Y2021:US:CityNYC                  174.92 USD
  Expenses:Taxes:Y2021:US:SDI                        1.12 USD
  Expenses:Taxes:Y2021:US:SocSec                   281.54 USD
  Assets:US:Federal:PreTax401k                   -1200.00 IRAUSD
  Expenses:Taxes:Y2021:US:Federal:PreTax401k      1200.00 IRAUSD
  Assets:US:Hoogle:Vacation                             5 VACHR
  Income:US:Hoogle:Vacation                            -5 VACHR

2021-07-08 * "Hoogle" "Payroll"
  Assets:US:BofA:Checking                         1350.60 USD
  Assets:US:Vanguard:Cash                         1200.00 USD
  Income:US:Hoogle:Salary                        -4615.38 USD
  Income:US:Hoogle:GroupTermLife                   -24.32 USD
  Expenses:Health:Life:GroupTermLife                24.32 USD
  Expenses:Health:Dental:Insurance                   2.90 USD
  Expenses:Health:Medical:Insurance                 27.38 USD
  Expenses:Health:Vision:Insurance                  42.30 USD
  Expenses:Taxes:Y2021:US:Medicare                 106.62 USD
  Expenses:Taxes:Y2021:US:Federal                 1062.92 USD
  Expenses:Taxes:Y2021:US:State                    365.08 USD
  Expenses:Taxes:Y2021:US:CityNYC                  174.92 USD
  Expenses:Taxes:Y2021:US:SDI                        1.12 USD
  Expenses:Taxes:Y2021:US:SocSec                   281.54 USD
  Assets:US:Federal:PreTax401k                   -1200.00 IRAUSD
  Expenses:Taxes:Y2021:US:Federal:PreTax401k      1200.00 IRAUSD
  Assets:US:Hoogle:Vacation                             5 VACHR
  Income:US:Hoogle:Vacation                            -5 VACHR

2021-07-22 * "Hoogle" "Payroll"
  Assets:US:BofA:Checking                         1350.60 USD
  Assets:US:Vanguard:Cash                         1200.00 USD
  Income:US:Hoogle:Salary                        -4615.38 USD
  Income:US:Hoogle:GroupTermLife                   -24.32 USD
  Expenses:Health:Life:GroupTermLife                24.32 USD
  Expenses:Health:Dental:Insurance                   2.90 USD
  Expenses:Health:Medical:Insurance                 27.38 USD
  Expenses:Health:Vision:Insurance                  42.30 USD
  Expenses:Taxes:Y2021:US:Medicare                 106.62 USD
  Expenses:Taxes:Y2021:US:Federal                 1062.92 USD
  Expenses:Taxes:Y2021:US:State                    365.08 USD
  Expenses:Taxes:Y2021:US:CityNYC                  174.92 USD
  Expenses:Taxes:Y2021:US:SDI                        1.12 USD
  Expenses:Taxes:Y2021:US:SocSec                   281.54 USD
  Assets:US:Federal:PreTax401k                   -1200.00 IRAUSD
  Expenses:Taxes:Y2021:US:Federal:PreTax401k      1200.00 IRAUSD
  Assets:US:Hoogle:Vacation                             5 VACHR
  Income:US:Hoogle:Vacation                            -5 VACHR

2021-08-05 * "Hoogle" "Payroll"
  Assets:US:BofA:Checking                         2050.60 USD
  Assets:US:Vanguard:Cash                          500.00 USD
  Income:US:Hoogle:Salary                        -4615.38 USD
  Income:US:Hoogle:GroupTermLife                   -24.32 USD
  Expenses:Health:Life:GroupTermLife                24.32 USD
  Expenses:Health:Dental:Insurance                   2.90 USD
  Expenses:Health:Medical:Insurance                 27.38 USD
  Expenses:Health:Vision:Insurance                  42.30 USD
  Expenses:Taxes:Y2021:US:Medicare                 106.62 USD
  Expenses:Taxes:Y2021:US:Federal                 1062.92 USD
  Expenses:Taxes:Y2021:US:State                    365.08 USD
  Expenses:Taxes:Y2021:US:CityNYC                  174.92 USD
  Expenses:Taxes:Y2021:US:SDI                        1.12 USD
  Expenses:Taxes:Y2021:US:SocSec                   281.54 USD
  Assets:US:Federal:PreTax401k                    -500.00 IRAUSD
  Expenses:Taxes:Y2021:US:Federal:PreTax401k       500.00 IRAUSD
  Assets:US:Hoogle:Vacation                             5 VACHR
  Income:US:Hoogle:Vacation                            -5 VACHR

2021-08-19 * "Hoogle" "Payroll"
  Assets:US:BofA:Checking                         2550.60 USD
  Income:US:Hoogle:Salary                        -4615.38 USD
  Income:US:Hoogle:GroupTermLife                   -24.32 USD
  Expenses:Health:Life:GroupTermLife                24.32 USD
  Expenses:Health:Dental:Insurance                   2.90 USD
  Expenses:Health:Medical:Insurance                 27.38 USD
  Expenses:Health:Vision:Insurance                  42.30 USD
  Expenses:Taxes:Y2021:US:Medicare                 106.62 USD
  Expenses:Taxes:Y2021:US:Federal                 1062.92 USD
  Expenses:Taxes:Y2021:US:State                    365.08 USD
  Expenses:Taxes:Y2021:US:CityNYC                  174.92 USD
  Expenses:Taxes:Y2021:US:SDI                        1.12 USD
  Expenses:Taxes:Y2021:US:SocSec                   281.54 USD
  Assets:US:Federal:PreTax401k                       0.00 IRAUSD
  Assets:US:Hoogle:Vacation                             5 VACHR
  Income:US:Hoogle:Vacation                            -5 VACHR

2021-09-02 * "Hoogle" "Payroll"
  Assets:US:BofA:Checking                         2550.60 USD
  Income:US:Hoogle:Salary                        -4615.38 USD
  Income:US:Hoogle:GroupTermLife                   -24.32 USD
  Expenses:Health:Life:GroupTermLife                24.32 USD
  Expenses:Health:Dental:Insurance                   2.90 USD
  Expenses:Health:Medical:Insurance                 27.38 USD
  Expenses:Health:Vision:Insurance                  42.30 USD
  Expenses:Taxes:Y2021:US:Medicare                 106.62 USD
  Expenses:Taxes:Y2021:US:Federal                 1062.92 USD
  Expenses:Taxes:Y2021:US:State                    365.08 USD
  Expenses:Taxes:Y2021:US:CityNYC                  174.92 USD
  Expenses:Taxes:Y2021:US:SDI                        1.12 USD
  Expenses:Taxes:Y2021:US:SocSec                   281.54 USD
  Assets:US:Federal:PreTax401k                       0.00 IRAUSD
  Assets:US:Hoogle:Vacation                             5 VACHR
  Income:US:Hoogle:Vacation                            -5 VACHR

2021-09-16 * "Hoogle" "Payroll"
  Assets:US:BofA:Checking                         2550.60 USD
  Income:US:Hoogle:Salary                        -4615.38 USD
  Income:US:Hoogle:GroupTermLife                   -24.32 USD
  Expenses:Health:Life:GroupTermLife                24.32 USD
  Expenses:Health:Dental:Insurance                   2.90 USD
  Expenses:Health:Medical:Insurance                 27.38 USD
  Expenses:Health:Vision:Insurance                  42.30 USD
  Expenses:Taxes:Y2021:US:Medicare                 106.62 USD
  Expenses:Taxes:Y2021:US:Federal                 1062.92 USD
  Expenses:Taxes:Y2021:US:State                    365.08 USD
  Expenses:Taxes:Y2021:US:CityNYC                  174.92 USD
  Expenses:Taxes:Y2021:US:SDI                        1.12 USD
  Expenses:Taxes:Y2021:US:SocSec                   281.54 USD
  Assets:US:Federal:PreTax401k                       0.00 IRAUSD
  Assets:US:Hoogle:Vacation                             5 VACHR
  Income:US:Hoogle:Vacation                            -5 VACHR

2021-09-30 * "Hoogle" "Payroll"
  Assets:US:BofA:Checking                         2550.60 USD
  Income:US:Hoogle:Salary                        -4615.38 USD
  Income:US:Hoogle:GroupTermLife                   -24.32 USD
  Expenses:Health:Life:GroupTermLife                24.32 USD
  Expenses:Health:Dental:Insurance                   2.90 USD
  Expenses:Health:Medical:Insurance                 27.38 USD
  Expenses:Health:Vision:Insurance                  42.30 USD
  Expenses:Taxes:Y2021:US:Medicare                 106.62 USD
  Expenses:Taxes:Y2021:US:Federal                 1062.92 USD
  Expenses:Taxes:Y2021:US:State                    365.08 USD
  Expenses:Taxes:Y2021:US:CityNYC                  174.92 USD
  Expenses:Taxes:Y2021:US:SDI                        1.12 USD
  Expenses:Taxes:Y2021:US:SocSec                   281.54 USD
  Assets:US:Federal:PreTax401k                       0.00 IRAUSD
  Assets:US:Hoogle:Vacation                             5 VACHR
  Income:US:Hoogle:Vacation                            -5 VACHR

2021-10-14 * "Hoogle" "Payroll"
  Assets:US:BofA:Checking                         2550.60 USD
  Income:US:Hoogle:Salary                        -4615.38 USD
  Income:US:Hoogle:GroupTermLife                   -24.32 USD
  Expenses:Health:Life:GroupTermLife                24.32 USD
  Expenses:Health:Dental:Insurance                   2.90 USD
  Expenses:Health:Medical:Insurance                 27.38 USD
  Expenses:Health:Vision:Insurance                  42.30 USD
  Expenses:Taxes:Y2021:US:Medicare                 106.62 USD
  Expenses:Taxes:Y2021:US:Federal                 1062.92 USD
  Expenses:Taxes:Y2021:US:State                    365.08 USD
  Expenses:Taxes:Y2021:US:CityNYC                  174.92 USD
  Expenses:Taxes:Y2021:US:SDI                        1.12 USD
  Expenses:Taxes:Y2021:US:SocSec                   281.54 USD
  Assets:US:Federal:PreTax401k                       0.00 IRAUSD
  Assets:US:Hoogle:Vacation                             5 VACHR
  Income:US:Hoogle:Vacation                            -5 VACHR

2021-10-28 * "Hoogle" "Payroll"
  Assets:US:BofA:Checking                         2550.60 USD
  Income:US:Hoogle:Salary                        -4615.38 USD
  Income:US:Hoogle:GroupTermLife                   -24.32 USD
  Expenses:Health:Life:GroupTermLife                24.32 USD
  Expenses:Health:Dental:Insurance                   2.90 USD
  Expenses:Health:Medical:Insurance                 27.38 USD
  Expenses:Health:Vision:Insurance                  42.30 USD
  Expenses:Taxes:Y2021:US:Medicare                 106.62 USD
  Expenses:Taxes:Y2021:US:Federal                 1062.92 USD
  Expenses:Taxes:Y2021:US:State                    365.08 USD
  Expenses:Taxes:Y2021:US:CityNYC                  174.92 USD
  Expenses:Taxes:Y2021:US:SDI                        1.12 USD
  Expenses:Taxes:Y2021:US:SocSec                   281.54 USD
  Assets:US:Federal:PreTax401k                       0.00 IRAUSD
  Assets:US:Hoogle:Vacation                             5 VACHR
  Income:US:Hoogle:Vacation                            -5 VACHR

2021-11-11 * "Hoogle" "Payroll"
  Assets:US:BofA:Checking                         2550.60 USD
  Income:US:Hoogle:Salary                        -4615.38 USD
  Income:US:Hoogle:GroupTermLife                   -24.32 USD
  Expenses:Health:Life:GroupTermLife                24.32 USD
  Expenses:Health:Dental:Insurance                   2.90 USD
  Expenses:Health:Medical:Insurance                 27.38 USD
  Expenses:Health:Vision:Insurance                  42.30 USD
  Expenses:Taxes:Y2021:US:Medicare                 106.62 USD
  Expenses:Taxes:Y2021:US:Federal                 1062.92 USD
  Expenses:Taxes:Y2021:US:State                    365.08 USD
  Expenses:Taxes:Y2021:US:CityNYC                  174.92 USD
  Expenses:Taxes:Y2021:US:SDI                        1.12 USD
  Expenses:Taxes:Y2021:US:SocSec                   281.54 USD
  Assets:US:Federal:PreTax401k                       0.00 IRAUSD
  Assets:US:Hoogle:Vacation                             5 VACHR
  Income:US:Hoogle:Vacation                            -5 VACHR

2021-11-25 * "Hoogle" "Payroll"
  Assets:US:BofA:Checking                         2550.60 USD
  Income:US:Hoogle:Salary                        -4615.38 USD
  Income:US:Hoogle:GroupTermLife                   -24.32 USD
  Expenses:Health:Life:GroupTermLife                24.32 USD
  Expenses:Health:Dental:Insurance                   2.90 USD
  Expenses:Health:Medical:Insurance                 27.38 USD
  Expenses:Health:Vision:Insurance                  42.30 USD
  Expenses:Taxes:Y2021:US:Medicare                 106.62 USD
  Expenses:Taxes:Y2021:US:Federal                 1062.92 USD
  Expenses:Taxes:Y2021:US:State                    365.08 USD
  Expenses:Taxes:Y2021:US:CityNYC                  174.92 USD
  Expenses:Taxes:Y2021:US:SDI                        1.12 USD
  Expenses:Taxes:Y2021:US:SocSec                   281.54 USD
  Assets:US:Federal:PreTax401k                       0.00 IRAUSD
  Assets:US:Hoogle:Vacation                             5 VACHR
  Income:US:Hoogle:Vacation                            -5 VACHR

2021-12-09 * "Hoogle" "Payroll"
  Assets:US:BofA:Checking                         2589.06 USD
  Income:US:Hoogle:Salary                        -4615.38 USD
  Income:US:Hoogle:GroupTermLife                   -24.32 USD
  Expenses:Health:Life:GroupTermLife                24.32 USD
  Expenses:Health:Dental:Insurance                   2.90 USD
  Expenses:Health:Medical:Insurance                 27.38 USD
  Expenses:Health:Vision:Insurance                  42.30 USD
  Expenses:Taxes:Y2021:US:Medicare                 106.62 USD
  Expenses:Taxes:Y2021:US:Federal                 1062.92 USD
  Expenses:Taxes:Y2021:US:State                    365.08 USD
  Expenses:Taxes:Y2021:US:CityNYC                  174.92 USD
  Expenses:Taxes:Y2021:US:SDI                        1.12 USD
  Expenses:Taxes:Y2021:US:SocSec                   243.08 USD
  Assets:US:Federal:PreTax401k                       0.00 IRAUSD
  Assets:US:Hoogle:Vacation                             5 VACHR
  Income:US:Hoogle:Vacation                            -5 VACHR

2021-12-23 * "Hoogle" "Payroll"
  Assets:US:BofA:Checking                         2832.14 USD
  Income:US:Hoogle:Salary                        -4615.38 USD
  Income:US:Hoogle:GroupTermLife                   -24.32 USD
  Expenses:Health:Life:GroupTermLife                24.32 USD
  Expenses:Health:Dental:Insurance                   2.90 USD
  Expenses:Health:Medical:Insurance                 27.38 USD
  Expenses:Health:Vision:Insurance                  42.30 USD
  Expenses:Taxes:Y2021:US:Medicare                 106.62 USD
  Expenses:Taxes:Y2021:US:Federal                 1062.92 USD
  Expenses:Taxes:Y2021:US:State                    365.08 USD
  Expenses:Taxes:Y2021:US:CityNYC                  174.92 USD
  Expenses:Taxes:Y2021:US:SDI                        1.12 USD
  Expenses:Taxes:Y2021:US:SocSec                     0.00 USD
  Assets:US:Federal:PreTax401k                       0.00 IRAUSD
  Assets:US:Hoogle:Vacation                             5 VACHR
  Income:US:Hoogle:Vacation                            -5 VACHR

2022-01-06 * "Hoogle" "Payroll"
  Assets:US:BofA:Checking                         1350.60 USD
  Assets:US:Vanguard:Cash                         1200.00 USD
  Income:US:Hoogle:Salary                        -4615.38 USD
  Income:US:Hoogle:GroupTermLife                   -24.32 USD
  Expenses:Health:Life:GroupTermLife                24.32 USD
  Expenses:Health:Dental:Insurance                   2.90 USD
  Expenses:Health:Medical:Insurance                 27.38 USD
  Expenses:Health:Vision:Insurance                  42.30 USD
  Expenses:Taxes:Y2022:US:Medicare                 106.62 USD
  Expenses:Taxes:Y2022:US:Federal                 1062.92 USD
  Expenses:Taxes:Y2022:US:State                    365.08 USD
  Expenses:Taxes:Y2022:US:CityNYC                  174.92 USD
  Expenses:Taxes:Y2022:US:SDI                        1.12 USD
  Expenses:Taxes:Y2022:US:SocSec                   281.54 USD
  Assets:US:Federal:PreTax401k                   -1200.00 IRAUSD
  Expenses:Taxes:Y2022:US:Federal:PreTax401k      1200.00 IRAUSD
  Assets:US:Hoogle:Vacation                             5 VACHR
  Income:US:Hoogle:Vacation                            -5 VACHR

2022-01-20 * "Hoogle" "Payroll"
  Assets:US:BofA:Checking                         1350.60 USD
  Assets:US:Vanguard:Cash                         1200.00 USD
  Income:US:Hoogle:Salary                        -4615.38 USD
  Income:US:Hoogle:GroupTermLife                   -24.32 USD
  Expenses:Health:Life:GroupTermLife                24.32 USD
  Expenses:Health:Dental:Insurance                   2.90 USD
  Expenses:Health:Medical:Insurance                 27.38 USD
  Expenses:Health:Vision:Insurance                  42.30 USD
  Expenses:Taxes:Y2022:US:Medicare                 106.62 USD
  Expenses:Taxes:Y2022:US:Federal                 1062.92 USD
  Expenses:Taxes:Y2022:US:State                    365.08 USD
  Expenses:Taxes:Y2022:US:CityNYC                  174.92 USD
  Expenses:Taxes:Y2022:US:SDI                        1.12 USD
  Expenses:Taxes:Y2022:US:SocSec                   281.54 USD
  Assets:US:Federal:PreTax401k                   -1200.00 IRAUSD
  Expenses:Taxes:Y2022:US:Federal:PreTax401k      1200.00 IRAUSD
  Assets:US:Hoogle:Vacation                             5 VACHR
  Income:US:Hoogle:Vacation                            -5 VACHR

2022-02-03 * "Hoogle" "Payroll"
  Assets:US:BofA:Checking                         1350.60 USD
  Assets:US:Vanguard:Cash                         1200.00 USD
  Income:US:Hoogle:Salary                        -4615.38 USD
  Income:US:Hoogle:GroupTermLife                   -24.32 USD
  Expenses:Health:Life:GroupTermLife                24.32 USD
  Expenses:Health:Dental:Insurance                   2.90 USD
  Expenses:Health:Medical:Insurance                 27.38 USD
  Expenses:Health:Vision:Insurance                  42.30 USD
  Expenses:Taxes:Y2022:US:Medicare                 106.62 USD
  Expenses:Taxes:Y2022:US:Federal                 1062.92 USD
  Expenses:Taxes:Y2022:US:State                    365.08 USD
  Expenses:Taxes:Y2022:US:CityNYC                  174.92 USD
  Expenses:Taxes:Y2022:US:SDI                        1.12 USD
  Expenses:Taxes:Y2022:US:SocSec                   281.54 USD
  Assets:US:Federal:PreTax401k                   -1200.00 IRAUSD
  Expenses:Taxes:Y2022:US:Federal:PreTax401k      1200.00 IRAUSD
  Assets:US:Hoogle:Vacation                             5 VACHR
  Income:US:Hoogle:Vacation                            -5 VACHR

2022-02-17 * "Hoogle" "Payroll"
  Assets:US:BofA:Checking                         1350.60 USD
  Assets:US:Vanguard:Cash                         1200.00 USD
  Income:US:Hoogle:Salary                        -4615.38 USD
  Income:US:Hoogle:GroupTermLife                   -24.32 USD
  Expenses:Health:Life:GroupTermLife                24.32 USD
  Expenses:Health:Dental:Insurance                   2.90 USD
  Expenses:Health:Medical:Insurance                 27.38 USD
  Expenses:Health:Vision:Insurance                  42.30 USD
  Expenses:Taxes:Y2022:US:Medicare                 106.62 USD
  Expenses:Taxes:Y2022:US:Federal                 1062.92 USD
  Expenses:Taxes:Y2022:US:State                    365.08 USD
  Expenses:Taxes:Y2022:US:CityNYC                  174.92 USD
  Expenses:Taxes:Y2022:US:SDI                        1.12 USD
  Expenses:Taxes:Y2022:US:SocSec                   281.54 USD
  Assets:US:Federal:PreTax401k                   -1200.00 IRAUSD
  Expenses:Taxes:Y2022:US:Federal:PreTax401k      1200.00 IRAUSD
  Assets:US:Hoogle:Vacation                             5 VACHR
  Income:US:Hoogle:Vacation                            -5 VACHR

2022-03-03 * "Hoogle" "Payroll"
  Assets:US:BofA:Checking                         1350.60 USD
  Assets:US:Vanguard:Cash                         1200.00 USD
  Income:US:Hoogle:Salary                        -4615.38 USD
  Income:US:Hoogle:GroupTermLife                   -24.32 USD
  Expenses:Health:Life:GroupTermLife                24.32 USD
  Expenses:Health:Dental:Insurance                   2.90 USD
  Expenses:Health:Medical:Insurance                 27.38 USD
  Expenses:Health:Vision:Insurance                  42.30 USD
  Expenses:Taxes:Y2022:US:Medicare                 106.62 USD
  Expenses:Taxes:Y2022:US:Federal                 1062.92 USD
  Expenses:Taxes:Y2022:US:State                    365.08 USD
  Expenses:Taxes:Y2022:US:CityNYC                  174.92 USD
  Expenses:Taxes:Y2022:US:SDI                        1.12 USD
  Expenses:Taxes:Y2022:US:SocSec                   281.54 USD
  Assets:US:Federal:PreTax401k                   -1200.00 IRAUSD
  Expenses:Taxes:Y2022:US:Federal:PreTax401k      1200.00 IRAUSD
  Assets:US:Hoogle:Vacation                             5 VACHR
  Income:US:Hoogle:Vacation                            -5 VACHR

2022-03-17 * "Hoogle" "Payroll"
  Assets:US:BofA:Checking                         1350.60 USD
  Assets:US:Vanguard:Cash                         1200.00 USD
  Income:US:Hoogle:Salary                        -4615.38 USD
  Income:US:Hoogle:GroupTermLife                   -24.32 USD
  Expenses:Health:Life:GroupTermLife                24.32 USD
  Expenses:Health:Dental:Insurance                   2.90 USD
  Expenses:Health:Medical:Insurance                 27.38 USD
  Expenses:Health:Vision:Insurance                  42.30 USD
  Expenses:Taxes:Y2022:US:Medicare                 106.62 USD
  Expenses:Taxes:Y2022:US:Federal                 1062.92 USD
  Expenses:Taxes:Y2022:US:State                    365.08 USD
  Expenses:Taxes:Y2022:US:CityNYC                  174.92 USD
  Expenses:Taxes:Y2022:US:SDI                        1.12 USD
  Expenses:Taxes:Y2022:US:SocSec                   281.54 USD
  Assets:US:Federal:PreTax401k                   -1200.00 IRAUSD
  Expenses:Taxes:Y2022:US:Federal:PreTax401k      1200.00 IRAUSD
  Assets:US:Hoogle:Vacation                             5 VACHR
  Income:US:Hoogle:Vacation                            -5 VACHR

2022-03-31 * "Hoogle" "Payroll"
  Assets:US:BofA:Checking                         1350.60 USD
  Assets:US:Vanguard:Cash                         1200.00 USD
  Income:US:Hoogle:Salary                        -4615.38 USD
  Income:US:Hoogle:GroupTermLife                   -24.32 USD
  Expenses:Health:Life:GroupTermLife                24.32 USD
  Expenses:Health:Dental:Insurance                   2.90 USD
  Expenses:Health:Medical:Insurance                 27.38 USD
  Expenses:Health:Vision:Insurance                  42.30 USD
  Expenses:Taxes:Y2022:US:Medicare                 106.62 USD
  Expenses:Taxes:Y2022:US:Federal                 1062.92 USD
  Expenses:Taxes:Y2022:US:State                    365.08 USD
  Expenses:Taxes:Y2022:US:CityNYC                  174.92 USD
  Expenses:Taxes:Y2022:US:SDI                        1.12 USD
  Expenses:Taxes:Y2022:US:SocSec                   281.54 USD
  Assets:US:Federal:PreTax401k                   -1200.00 IRAUSD
  Expenses:Taxes:Y2022:US:Federal:PreTax401k      1200.00 IRAUSD
  Assets:US:Hoogle:Vacation                             5 VACHR
  Income:US:Hoogle:Vacation                            -5 VACHR

2022-04-14 * "Hoogle" "Payroll"
  Assets:US:BofA:Checking                         1350.60 USD
  Assets:US:Vanguard:Cash                         1200.00 USD
  Income:US:Hoogle:Salary                        -4615.38 USD
  Income:US:Hoogle:GroupTermLife                   -24.32 USD
  Expenses:Health:Life:GroupTermLife                24.32 USD
  Expenses:Health:Dental:Insurance                   2.90 USD
  Expenses:Health:Medical:Insurance                 27.38 USD
  Expenses:Health:Vision:Insurance                  42.30 USD
  Expenses:Taxes:Y2022:US:Medicare                 106.62 USD
  Expenses:Taxes:Y2022:US:Federal                 1062.92 USD
  Expenses:Taxes:Y2022:US:State                    365.08 USD
  Expenses:Taxes:Y2022:US:CityNYC                  174.92 USD
  Expenses:Taxes:Y2022:US:SDI                        1.12 USD
  Expenses:Taxes:Y2022:US:SocSec                   281.54 USD
  Assets:US:Federal:PreTax401k                   -1200.00 IRAUSD
  Expenses:Taxes:Y2022:US:Federal:PreTax401k      1200.00 IRAUSD
  Assets:US:Hoogle:Vacation                             5 VACHR
  Income:US:Hoogle:Vacation                            -5 VACHR

2022-04-28 * "Hoogle" "Payroll"
  Assets:US:BofA:Checking                         1350.60 USD
  Assets:US:Vanguard:Cash                         1200.00 USD
  Income:US:Hoogle:Salary                        -4615.38 USD
  Income:US:Hoogle:GroupTermLife                   -24.32 USD
  Expenses:Health:Life:GroupTermLife                24.32 USD
  Expenses:Health:Dental:Insurance                   2.90 USD
  Expenses:Health:Medical:Insurance                 27.38 USD
  Expenses:Health:Vision:Insurance                  42.30 USD
  Expenses:Taxes:Y2022:US:Medicare                 106.62 USD
  Expenses:Taxes:Y2022:US:Federal                 1062.92 USD
  Expenses:Taxes:Y2022:US:State                    365.08 USD
  Expenses:Taxes:Y2022:US:CityNYC                  174.92 USD
  Expenses:Taxes:Y2022:US:SDI                        1.12 USD
  Expenses:Taxes:Y2022:US:SocSec                   281.54 USD
  Assets:US:Federal:PreTax401k                   -1200.00 IRAUSD
  Expenses:Taxes:Y2022:US:Federal:PreTax401k      1200.00 IRAUSD
  Assets:US:Hoogle:Vacation                             5 VACHR
  Income:US:Hoogle:Vacation                            -5 VACHR

2022-05-12 * "Hoogle" "Payroll"
  Assets:US:BofA:Checking                         1350.60 USD
  Assets:US:Vanguard:Cash                         1200.00 USD
  Income:US:Hoogle:Salary                        -4615.38 USD
  Income:US:Hoogle:GroupTermLife                   -24.32 USD
  Expenses:Health:Life:GroupTermLife                24.32 USD
  Expenses:Health:Dental:Insurance                   2.90 USD
  Expenses:Health:Medical:Insurance                 27.38 USD
  Expenses:Health:Vision:Insurance                  42.30 USD
  Expenses:Taxes:Y2022:US:Medicare                 106.62 USD
  Expenses:Taxes:Y2022:US:Federal                 1062.92 USD
  Expenses:Taxes:Y2022:US:State                    365.08 USD
  Expenses:Taxes:Y2022:US:CityNYC                  174.92 USD
  Expenses:Taxes:Y2022:US:SDI                        1.12 USD
  Expenses:Taxes:Y2022:US:SocSec                   281.54 USD
  Assets:US:Federal:PreTax401k                   -1200.00 IRAUSD
  Expenses:Taxes:Y2022:US:Federal:PreTax401k      1200.00 IRAUSD
  Assets:US:Hoogle:Vacation                             5 VACHR
  Income:US:Hoogle:Vacation                            -5 VACHR

2022-05-26 * "Hoogle" "Payroll"
  Assets:US:BofA:Checking                         1350.60 USD
  Assets:US:Vanguard:Cash                         1200.00 USD
  Income:US:Hoogle:Salary                        -4615.38 USD
  Income:US:Hoogle:GroupTermLife                   -24.32 USD
  Expenses:Health:Life:GroupTermLife                24.32 USD
  Expenses:Health:Dental:Insurance                   2.90 USD
  Expenses:Health:Medical:Insurance                 27.38 USD
  Expenses:Health:Vision:Insurance                  42.30 USD
  Expenses:Taxes:Y2022:US:Medicare                 106.62 USD
  Expenses:Taxes:Y2022:US:Federal                 1062.92 USD
  Expenses:Taxes:Y2022:US:State                    365.08 USD
  Expenses:Taxes:Y2022:US:CityNYC                  174.92 USD
  Expenses:Taxes:Y2022:US:SDI                        1.12 USD
  Expenses:Taxes:Y2022:US:SocSec                   281.54 USD
  Assets:US:Federal:PreTax401k                   -1200.00 IRAUSD
  Expenses:Taxes:Y2022:US:Federal:PreTax401k      1200.00 IRAUSD
  Assets:US:Hoogle:Vacation                             5 VACHR
  Income:US:Hoogle:Vacation                            -5 VACHR

2022-06-09 * "Hoogle" "Payroll"
  Assets:US:BofA:Checking                         1350.60 USD
  Assets:US:Vanguard:Cash                         1200.00 USD
  Income:US:Hoogle:Salary                        -4615.38 USD
  Income:US:Hoogle:GroupTermLife                   -24.32 USD
  Expenses:Health:Life:GroupTermLife                24.32 USD
  Expenses:Health:Dental:Insurance                   2.90 USD
  Expenses:Health:Medical:Insurance                 27.38 USD
  Expenses:Health:Vision:Insurance                  42.30 USD
  Expenses:Taxes:Y2022:US:Medicare                 106.62 USD
  Expenses:Taxes:Y2022:US:Federal                 1062.92 USD
  Expenses:Taxes:Y2022:US:State                    365.08 USD
  Expenses:Taxes:Y2022:US:CityNYC                  174.92 USD
  Expenses:Taxes:Y2022:US:SDI                        1.12 USD
  Expenses:Taxes:Y2022:US:SocSec                   281.54 USD
  Assets:US:Federal:PreTax401k                   -1200.00 IRAUSD
  Expenses:Taxes:Y2022:US:Federal:PreTax401k      1200.00 IRAUSD
  Assets:US:Hoogle:Vacation                             5 VACHR
  Income:US:Hoogle:Vacation                            -5 VACHR

2022-06-23 * "Hoogle" "Payroll"
  Assets:US:BofA:Checking                         1350.60 USD
  Assets:US:Vanguard:Cash                         1200.00 USD
  Income:US:Hoogle:Salary                        -4615.38 USD
  Income:US:Hoogle:GroupTermLife                   -24.32 USD
  Expenses:Health:Life:GroupTermLife                24.32 USD
  Expenses:Health:Dental:Insurance                   2.90 USD
  Expenses:Health:Medical:Insurance                 27.38 USD
  Expenses:Health:Vision:Insurance                  42.30 USD
  Expenses:Taxes:Y2022:US:Medicare                 106.62 USD
  Expenses:Taxes:Y2022:US:Federal                 1062.92 USD
  Expenses:Taxes:Y2022:US:State                    365.08 USD
  Expenses:Taxes:Y2022:US:CityNYC                  174.92 USD
  Expenses:Taxes:Y2022:US:SDI                        1.12 USD
  Expenses:Taxes:Y2022:US:SocSec                   281.54 USD
  Assets:US:Federal:PreTax401k                   -1200.00 IRAUSD
  Expenses:Taxes:Y2022:US:Federal:PreTax401k      1200.00 IRAUSD
  Assets:US:Hoogle:Vacation                             5 VACHR
  Income:US:Hoogle:Vacation                            -5 VACHR

2022-07-07 * "Hoogle" "Payroll"
  Assets:US:BofA:Checking                         1350.60 USD
  Assets:US:Vanguard:Cash                         1200.00 USD
  Income:US:Hoogle:Salary                        -4615.38 USD
  Income:US:Hoogle:GroupTermLife                   -24.32 USD
  Expenses:Health:Life:GroupTermLife                24.32 USD
  Expenses:Health:Dental:Insurance                   2.90 USD
  Expenses:Health:Medical:Insurance                 27.38 USD
  Expenses:Health:Vision:Insurance                  42.30 USD
  Expenses:Taxes:Y2022:US:Medicare                 106.62 USD
  Expenses:Taxes:Y2022:US:Federal                 1062.92 USD
  Expenses:Taxes:Y2022:US:State                    365.08 USD
  Expenses:Taxes:Y2022:US:CityNYC                  174.92 USD
  Expenses:Taxes:Y2022:US:SDI                        1.12 USD
  Expenses:Taxes:Y2022:US:SocSec                   281.54 USD
  Assets:US:Federal:PreTax401k                   -1200.00 IRAUSD
  Expenses:Taxes:Y2022:US:Federal:PreTax401k      1200.00 IRAUSD
  Assets:US:Hoogle:Vacation                             5 VACHR
  Income:US:Hoogle:Vacation                            -5 VACHR

2022-07-21 * "Hoogle" "Payroll"
  Assets:US:BofA:Checking                         1350.60 USD
  Assets:US:Vanguard:Cash                         1200.00 USD
  Income:US:Hoogle:Salary                        -4615.38 USD
  Income:US:Hoogle:GroupTermLife                   -24.32 USD
  Expenses:Health:Life:GroupTermLife                24.32 USD
  Expenses:Health:Dental:Insurance                   2.90 USD
  Expenses:Health:Medical:Insurance                 27.38 USD
  Expenses:Health:Vision:Insurance                  42.30 USD
  Expenses:Taxes:Y2022:US:Medicare                 106.62 USD
  Expenses:Taxes:Y2022:US:Federal                 1062.92 USD
  Expenses:Taxes:Y2022:US:State                    365.08 USD
  Expenses:Taxes:Y2022:US:CityNYC                  174.92 USD
  Expenses:Taxes:Y2022:US:SDI                        1.12 USD
  Expenses:Taxes:Y2022:US:SocSec                   281.54 USD
  Assets:US:Federal:PreTax401k                   -1200.00 IRAUSD
  Expenses:Taxes:Y2022:US:Federal:PreTax401k      1200.00 IRAUSD
  Assets:US:Hoogle:Vacation                             5 VACHR
  Income:US:Hoogle:Vacation                            -5 VACHR

2022-08-04 * "Hoogle" "Payroll"
  Assets:US:BofA:Checking                         2050.60 USD
  Assets:US:Vanguard:Cash                          500.00 USD
  Income:US:Hoogle:Salary                        -4615.38 USD
  Income:US:Hoogle:GroupTermLife                   -24.32 USD
  Expenses:Health:Life:GroupTermLife                24.32 USD
  Expenses:Health:Dental:Insurance                   2.90 USD
  Expenses:Health:Medical:Insurance                 27.38 USD
  Expenses:Health:Vision:Insurance                  42.30 USD
  Expenses:Taxes:Y2022:US:Medicare                 106.62 USD
  Expenses:Taxes:Y2022:US:Federal                 1062.92 USD
  Expenses:Taxes:Y2022:US:State                    365.08 USD
  Expenses:Taxes:Y2022:US:CityNYC                  174.92 USD
  Expenses:Taxes:Y2022:US:SDI                        1.12 USD
  Expenses:Taxes:Y2022:US:SocSec                   281.54 USD
  Assets:US:Federal:PreTax401k                    -500.00 IRAUSD
  Expenses:Taxes:Y2022:US:Federal:PreTax401k       500.00 IRAUSD
  Assets:US:Hoogle:Vacation                             5 VACHR
  Income:US:Hoogle:Vacation                            -5 VACHR

2022-08-18 * "Hoogle" "Payroll"
  Assets:US:BofA:Checking                         2550.60 USD
  Income:US:Hoogle:Salary                        -4615.38 USD
  Income:US:Hoogle:GroupTermLife                   -24.32 USD
  Expenses:Health:Life:GroupTermLife                24.32 USD
  Expenses:Health:Dental:Insurance                   2.90 USD
  Expenses:Health:Medical:Insurance                 27.38 USD
  Expenses:Health:Vision:Insurance                  42.30 USD
  Expenses:Taxes:Y2022:US:Medicare                 106.62 USD
  Expenses:Taxes:Y2022:US:Federal                 1062.92 USD
  Expenses:Taxes:Y2022:US:State                    365.08 USD
  Expenses:Taxes:Y2022:US:CityNYC                  174.92 USD
  Expenses:Taxes:Y2022:US:SDI                        1.12 USD
  Expenses:Taxes:Y2022:US:SocSec                   281.54 USD
  Assets:US:Federal:PreTax401k                       0.00 IRAUSD
  Assets:US:Hoogle:Vacation                             5 VACHR
  Income:US:Hoogle:Vacation                            -5 VACHR

2022-09-01 * "Hoogle" "Payroll"
  Assets:US:BofA:Checking                         2550.60 USD
  Income:US:Hoogle:Salary                        -4615.38 USD
  Income:US:Hoogle:GroupTermLife                   -24.32 USD
  Expenses:Health:Life:GroupTermLife                24.32 USD
  Expenses:Health:Dental:Insurance                   2.90 USD
  Expenses:Health:Medical:Insurance                 27.38 USD
  Expenses:Health:Vision:Insurance                  42.30 USD
  Expenses:Taxes:Y2022:US:Medicare                 106.62 USD
  Expenses:Taxes:Y2022:US:Federal                 1062.92 USD
  Expenses:Taxes:Y2022:US:State                    365.08 USD
  Expenses:Taxes:Y2022:US:CityNYC                  174.92 USD
  Expenses:Taxes:Y2022:US:SDI                        1.12 USD
  Expenses:Taxes:Y2022:US:SocSec                   281.54 USD
  Assets:US:Federal:PreTax401k                       0.00 IRAUSD
  Assets:US:Hoogle:Vacation                             5 VACHR
  Income:US:Hoogle:Vacation                            -5 VACHR

2022-09-15 * "Hoogle" "Payroll"
  Assets:US:BofA:Checking                         2550.60 USD
  Income:US:Hoogle:Salary                        -4615.38 USD
  Income:US:Hoogle:GroupTermLife                   -24.32 USD
  Expenses:Health:Life:GroupTermLife                24.32 USD
  Expenses:Health:Dental:Insurance                   2.90 USD
  Expenses:Health:Medical:Insurance                 27.38 USD
  Expenses:Health:Vision:Insurance                  42.30 USD
  Expenses:Taxes:Y2022:US:Medicare                 106.62 USD
  Expenses:Taxes:Y2022:US:Federal                 1062.92 USD
  Expenses:Taxes:Y2022:US:State                    365.08 USD
  Expenses:Taxes:Y2022:US:CityNYC                  174.92 USD
  Expenses:Taxes:Y2022:US:SDI                        1.12 USD
  Expenses:Taxes:Y2022:US:SocSec                   281.54 USD
  Assets:US:Federal:PreTax401k                       0.00 IRAUSD
  Assets:US:Hoogle:Vacation                             5 VACHR
  Income:US:Hoogle:Vacation                            -5 VACHR

2022-09-29 * "Hoogle" "Payroll"
  Assets:US:BofA:Checking                         2550.60 USD
  Income:US:Hoogle:Salary                        -4615.38 USD
  Income:US:Hoogle:GroupTermLife                   -24.32 USD
  Expenses:Health:Life:GroupTermLife                24.32 USD
  Expenses:Health:Dental:Insurance                   2.90 USD
  Expenses:Health:Medical:Insurance                 27.38 USD
  Expenses:Health:Vision:Insurance                  42.30 USD
  Expenses:Taxes:Y2022:US:Medicare                 106.62 USD
  Expenses:Taxes:Y2022:US:Federal                 1062.92 USD
  Expenses:Taxes:Y2022:US:State                    365.08 USD
  Expenses:Taxes:Y2022:US:CityNYC                  174.92 USD
  Expenses:Taxes:Y2022:US:SDI                        1.12 USD
  Expenses:Taxes:Y2022:US:SocSec                   281.54 USD
  Assets:US:Federal:PreTax401k                       0.00 IRAUSD
  Assets:US:Hoogle:Vacation                             5 VACHR
  Income:US:Hoogle:Vacation                            -5 VACHR

2022-10-13 * "Hoogle" "Payroll"
  Assets:US:BofA:Checking                         2550.60 USD
  Income:US:Hoogle:Salary                        -4615.38 USD
  Income:US:Hoogle:GroupTermLife                   -24.32 USD
  Expenses:Health:Life:GroupTermLife                24.32 USD
  Expenses:Health:Dental:Insurance                   2.90 USD
  Expenses:Health:Medical:Insurance                 27.38 USD
  Expenses:Health:Vision:Insurance                  42.30 USD
  Expenses:Taxes:Y2022:US:Medicare                 106.62 USD
  Expenses:Taxes:Y2022:US:Federal                 1062.92 USD
  Expenses:Taxes:Y2022:US:State                    365.08 USD
  Expenses:Taxes:Y2022:US:CityNYC                  174.92 USD
  Expenses:Taxes:Y2022:US:SDI                        1.12 USD
  Expenses:Taxes:Y2022:US:SocSec                   281.54 USD
  Assets:US:Federal:PreTax401k                       0.00 IRAUSD
  Assets:US:Hoogle:Vacation                             5 VACHR
  Income:US:Hoogle:Vacation                            -5 VACHR

2022-10-27 * "Hoogle" "Payroll"
  Assets:US:BofA:Checking                         2550.60 USD
  Income:US:Hoogle:Salary                        -4615.38 USD
  Income:US:Hoogle:GroupTermLife                   -24.32 USD
  Expenses:Health:Life:GroupTermLife                24.32 USD
  Expenses:Health:Dental:Insurance                   2.90 USD
  Expenses:Health:Medical:Insurance                 27.38 USD
  Expenses:Health:Vision:Insurance                  42.30 USD
  Expenses:Taxes:Y2022:US:Medicare                 106.62 USD
  Expenses:Taxes:Y2022:US:Federal                 1062.92 USD
  Expenses:Taxes:Y2022:US:State                    365.08 USD
  Expenses:Taxes:Y2022:US:CityNYC                  174.92 USD
  Expenses:Taxes:Y2022:US:SDI                        1.12 USD
  Expenses:Taxes:Y2022:US:SocSec                   281.54 USD
  Assets:US:Federal:PreTax401k                       0.00 IRAUSD
  Assets:US:Hoogle:Vacation                             5 VACHR
  Income:US:Hoogle:Vacation                            -5 VACHR

2022-11-10 * "Hoogle" "Payroll"
  Assets:US:BofA:Checking                         2550.60 USD
  Income:US:Hoogle:Salary                        -4615.38 USD
  Income:US:Hoogle:GroupTermLife                   -24.32 USD
  Expenses:Health:Life:GroupTermLife                24.32 USD
  Expenses:Health:Dental:Insurance                   2.90 USD
  Expenses:Health:Medical:Insurance                 27.38 USD
  Expenses:Health:Vision:Insurance                  42.30 USD
  Expenses:Taxes:Y2022:US:Medicare                 106.62 USD
  Expenses:Taxes:Y2022:US:Federal                 1062.92 USD
  Expenses:Taxes:Y2022:US:State                    365.08 USD
  Expenses:Taxes:Y2022:US:CityNYC                  174.92 USD
  Expenses:Taxes:Y2022:US:SDI                        1.12 USD
  Expenses:Taxes:Y2022:US:SocSec                   281.54 USD
  Assets:US:Federal:PreTax401k                       0.00 IRAUSD
  Assets:US:Hoogle:Vacation                             5 VACHR
  Income:US:Hoogle:Vacation                            -5 VACHR

2022-11-24 * "Hoogle" "Payroll"
  Assets:US:BofA:Checking                         2550.60 USD
  Income:US:Hoogle:Salary                        -4615.38 USD
  Income:US:Hoogle:GroupTermLife                   -24.32 USD
  Expenses:Health:Life:GroupTermLife                24.32 USD
  Expenses:Health:Dental:Insurance                   2.90 USD
  Expenses:Health:Medical:Insurance                 27.38 USD
  Expenses:Health:Vision:Insurance                  42.30 USD
  Expenses:Taxes:Y2022:US:Medicare                 106.62 USD
  Expenses:Taxes:Y2022:US:Federal                 1062.92 USD
  Expenses:Taxes:Y2022:US:State                    365.08 USD
  Expenses:Taxes:Y2022:US:CityNYC                  174.92 USD
  Expenses:Taxes:Y2022:US:SDI                        1.12 USD
  Expenses:Taxes:Y2022:US:SocSec                   281.54 USD
  Assets:US:Federal:PreTax401k                       0.00 IRAUSD
  Assets:US:Hoogle:Vacation                             5 VACHR
  Income:US:Hoogle:Vacation                            -5 VACHR

2022-12-08 * "Hoogle" "Payroll"
  Assets:US:BofA:Checking                         2589.06 USD
  Income:US:Hoogle:Salary                        -4615.38 USD
  Income:US:Hoogle:GroupTermLife                   -24.32 USD
  Expenses:Health:Life:GroupTermLife                24.32 USD
  Expenses:Health:Dental:Insurance                   2.90 USD
  Expenses:Health:Medical:Insurance                 27.38 USD
  Expenses:Health:Vision:Insurance                  42.30 USD
  Expenses:Taxes:Y2022:US:Medicare                 106.62 USD
  Expenses:Taxes:Y2022:US:Federal                 1062.92 USD
  Expenses:Taxes:Y2022:US:State                    365.08 USD
  Expenses:Taxes:Y2022:US:CityNYC                  174.92 USD
  Expenses:Taxes:Y2022:US:SDI                        1.12 USD
  Expenses:Taxes:Y2022:US:SocSec                   243.08 USD
  Assets:US:Federal:PreTax401k                       0.00 IRAUSD
  Assets:US:Hoogle:Vacation                             5 VACHR
  Income:US:Hoogle:Vacation                            -5 VACHR

2022-12-22 * "Hoogle" "Payroll"
  Assets:US:BofA:Checking                         2832.14 USD
  Income:US:Hoogle:Salary                        -4615.38 USD
  Income:US:Hoogle:GroupTermLife                   -24.32 USD
  Expenses:Health:Life:GroupTermLife                24.32 USD
  Expenses:Health:Dental:Insurance                   2.90 USD
  Expenses:Health:Medical:Insurance                 27.38 USD
  Expenses:Health:Vision:Insurance                  42.30 USD
  Expenses:Taxes:Y2022:US:Medicare                 106.62 USD
  Expenses:Taxes:Y2022:US:Federal                 1062.92 USD
  Expenses:Taxes:Y2022:US:State                    365.08 USD
  Expenses:Taxes:Y2022:US:CityNYC                  174.92 USD
  Expenses:Taxes:Y2022:US:SDI                        1.12 USD
  Expenses:Taxes:Y2022:US:SocSec                     0.00 USD
  Assets:US:Federal:PreTax401k                       0.00 IRAUSD
  Assets:US:Hoogle:Vacation                             5 VACHR
  Income:US:Hoogle:Vacation                            -5 VACHR

2023-01-05 * "Hoogle" "Payroll"
  Assets:US:BofA:Checking                         1350.60 USD
  Assets:US:Vanguard:Cash                         1200.00 USD
  Income:US:Hoogle:Salary                        -4615.38 USD
  Income:US:Hoogle:GroupTermLife                   -24.32 USD
  Expenses:Health:Life:GroupTermLife                24.32 USD
  Expenses:Health:Dental:Insurance                   2.90 USD
  Expenses:Health:Medical:Insurance                 27.38 USD
  Expenses:Health:Vision:Insurance                  42.30 USD
  Expenses:Taxes:Y2023:US:Medicare                 106.62 USD
  Expenses:Taxes:Y2023:US:Federal                 1062.92 USD
  Expenses:Taxes:Y2023:US:State                    365.08 USD
  Expenses:Taxes:Y2023:US:CityNYC                  174.92 USD
  Expenses:Taxes:Y2023:US:SDI                        1.12 USD
  Expenses:Taxes:Y2023:US:SocSec                   281.54 USD
  Assets:US:Federal:PreTax401k                   -1200.00 IRAUSD
  Expenses:Taxes:Y2023:US:Federal:PreTax401k      1200.00 IRAUSD
  Assets:US:Hoogle:Vacation                             5 VACHR
  Income:US:Hoogle:Vacation                            -5 VACHR

2023-01-19 * "Hoogle" "Payroll"
  Assets:US:BofA:Checking                         1350.60 USD
  Assets:US:Vanguard:Cash                         1200.00 USD
  Income:US:Hoogle:Salary                        -4615.38 USD
  Income:US:Hoogle:GroupTermLife                   -24.32 USD
  Expenses:Health:Life:GroupTermLife                24.32 USD
  Expenses:Health:Dental:Insurance                   2.90 USD
  Expenses:Health:Medical:Insurance                 27.38 USD
  Expenses:Health:Vision:Insurance                  42.30 USD
  Expenses:Taxes:Y2023:US:Medicare                 106.62 USD
  Expenses:Taxes:Y2023:US:Federal                 1062.92 USD
  Expenses:Taxes:Y2023:US:State                    365.08 USD
  Expenses:Taxes:Y2023:US:CityNYC                  174.92 USD
  Expenses:Taxes:Y2023:US:SDI                        1.12 USD
  Expenses:Taxes:Y2023:US:SocSec                   281.54 USD
  Assets:US:Federal:PreTax401k                   -1200.00 IRAUSD
  Expenses:Taxes:Y2023:US:Federal:PreTax401k      1200.00 IRAUSD
  Assets:US:Hoogle:Vacation                             5 VACHR
  Income:US:Hoogle:Vacation                            -5 VACHR

2023-02-02 * "Hoogle" "Payroll"
  Assets:US:BofA:Checking                         1350.60 USD
  Assets:US:Vanguard:Cash                         1200.00 USD
  Income:US:Hoogle:Salary                        -4615.38 USD
  Income:US:Hoogle:GroupTermLife                   -24.32 USD
  Expenses:Health:Life:GroupTermLife                24.32 USD
  Expenses:Health:Dental:Insurance                   2.90 USD
  Expenses:Health:Medical:Insurance                 27.38 USD
  Expenses:Health:Vision:Insurance                  42.30 USD
  Expenses:Taxes:Y2023:US:Medicare                 106.62 USD
  Expenses:Taxes:Y2023:US:Federal                 1062.92 USD
  Expenses:Taxes:Y2023:US:State                    365.08 USD
  Expenses:Taxes:Y2023:US:CityNYC                  174.92 USD
  Expenses:Taxes:Y2023:US:SDI                        1.12 USD
  Expenses:Taxes:Y2023:US:SocSec                   281.54 USD
  Assets:US:Federal:PreTax401k                   -1200.00 IRAUSD
  Expenses:Taxes:Y2023:US:Federal:PreTax401k      1200.00 IRAUSD
  Assets:US:Hoogle:Vacation                             5 VACHR
  Income:US:Hoogle:Vacation                            -5 VACHR

2023-02-16 * "Hoogle" "Payroll"
  Assets:US:BofA:Checking                         1350.60 USD
  Assets:US:Vanguard:Cash                         1200.00 USD
  Income:US:Hoogle:Salary                        -4615.38 USD
  Income:US:Hoogle:GroupTermLife                   -24.32 USD
  Expenses:Health:Life:GroupTermLife                24.32 USD
  Expenses:Health:Dental:Insurance                   2.90 USD
  Expenses:Health:Medical:Insurance                 27.38 USD
  Expenses:Health:Vision:Insurance                  42.30 USD
  Expenses:Taxes:Y2023:US:Medicare                 106.62 USD
  Expenses:Taxes:Y2023:US:Federal                 1062.92 USD
  Expenses:Taxes:Y2023:US:State                    365.08 USD
  Expenses:Taxes:Y2023:US:CityNYC                  174.92 USD
  Expenses:Taxes:Y2023:US:SDI                        1.12 USD
  Expenses:Taxes:Y2023:US:SocSec                   281.54 USD
  Assets:US:Federal:PreTax401k                   -1200.00 IRAUSD
  Expenses:Taxes:Y2023:US:Federal:PreTax401k      1200.00 IRAUSD
  Assets:US:Hoogle:Vacation                             5 VACHR
  Income:US:Hoogle:Vacation                            -5 VACHR

2023-03-02 * "Hoogle" "Payroll"
  Assets:US:BofA:Checking                         1350.60 USD
  Assets:US:Vanguard:Cash                         1200.00 USD
  Income:US:Hoogle:Salary                        -4615.38 USD
  Income:US:Hoogle:GroupTermLife                   -24.32 USD
  Expenses:Health:Life:GroupTermLife                24.32 USD
  Expenses:Health:Dental:Insurance                   2.90 USD
  Expenses:Health:Medical:Insurance                 27.38 USD
  Expenses:Health:Vision:Insurance                  42.30 USD
  Expenses:Taxes:Y2023:US:Medicare                 106.62 USD
  Expenses:Taxes:Y2023:US:Federal                 1062.92 USD
  Expenses:Taxes:Y2023:US:State                    365.08 USD
  Expenses:Taxes:Y2023:US:CityNYC                  174.92 USD
  Expenses:Taxes:Y2023:US:SDI                        1.12 USD
  Expenses:Taxes:Y2023:US:SocSec                   281.54 USD
  Assets:US:Federal:PreTax401k                   -1200.00 IRAUSD
  Expenses:Taxes:Y2023:US:Federal:PreTax401k      1200.00 IRAUSD
  Assets:US:Hoogle:Vacation                             5 VACHR
  Income:US:Hoogle:Vacation                            -5 VACHR

2023-03-16 * "Hoogle" "Payroll"
  Assets:US:BofA:Checking                         1350.60 USD
  Assets:US:Vanguard:Cash                         1200.00 USD
  Income:US:Hoogle:Salary                        -4615.38 USD
  Income:US:Hoogle:GroupTermLife                   -24.32 USD
  Expenses:Health:Life:GroupTermLife                24.32 USD
  Expenses:Health:Dental:Insurance                   2.90 USD
  Expenses:Health:Medical:Insurance                 27.38 USD
  Expenses:Health:Vision:Insurance                  42.30 USD
  Expenses:Taxes:Y2023:US:Medicare                 106.62 USD
  Expenses:Taxes:Y2023:US:Federal                 1062.92 USD
  Expenses:Taxes:Y2023:US:State                    365.08 USD
  Expenses:Taxes:Y2023:US:CityNYC                  174.92 USD
  Expenses:Taxes:Y2023:US:SDI                        1.12 USD
  Expenses:Taxes:Y2023:US:SocSec                   281.54 USD
  Assets:US:Federal:PreTax401k                   -1200.00 IRAUSD
  Expenses:Taxes:Y2023:US:Federal:PreTax401k      1200.00 IRAUSD
  Assets:US:Hoogle:Vacation                             5 VACHR
  Income:US:Hoogle:Vacation                            -5 VACHR

2023-03-30 * "Hoogle" "Payroll"
  Assets:US:BofA:Checking                         1350.60 USD
  Assets:US:Vanguard:Cash                         1200.00 USD
  Income:US:Hoogle:Salary                        -4615.38 USD
  Income:US:Hoogle:GroupTermLife                   -24.32 USD
  Expenses:Health:Life:GroupTermLife                24.32 USD
  Expenses:Health:Dental:Insurance                   2.90 USD
  Expenses:Health:Medical:Insurance                 27.38 USD
  Expenses:Health:Vision:Insurance                  42.30 USD
  Expenses:Taxes:Y2023:US:Medicare                 106.62 USD
  Expenses:Taxes:Y2023:US:Federal                 1062.92 USD
  Expenses:Taxes:Y2023:US:State                    365.08 USD
  Expenses:Taxes:Y2023:US:CityNYC                  174.92 USD
  Expenses:Taxes:Y2023:US:SDI                        1.12 USD
  Expenses:Taxes:Y2023:US:SocSec                   281.54 USD
  Assets:US:Federal:PreTax401k                   -1200.00 IRAUSD
  Expenses:Taxes:Y2023:US:Federal:PreTax401k      1200.00 IRAUSD
  Assets:US:Hoogle:Vacation                             5 VACHR
  Income:US:Hoogle:Vacation                            -5 VACHR

2023-04-13 * "Hoogle" "Payroll"
  Assets:US:BofA:Checking                         1350.60 USD
  Assets:US:Vanguard:Cash                         1200.00 USD
  Income:US:Hoogle:Salary                        -4615.38 USD
  Income:US:Hoogle:GroupTermLife                   -24.32 USD
  Expenses:Health:Life:GroupTermLife                24.32 USD
  Expenses:Health:Dental:Insurance                   2.90 USD
  Expenses:Health:Medical:Insurance                 27.38 USD
  Expenses:Health:Vision:Insurance                  42.30 USD
  Expenses:Taxes:Y2023:US:Medicare                 106.62 USD
  Expenses:Taxes:Y2023:US:Federal                 1062.92 USD
  Expenses:Taxes:Y2023:US:State                    365.08 USD
  Expenses:Taxes:Y2023:US:CityNYC                  174.92 USD
  Expenses:Taxes:Y2023:US:SDI                        1.12 USD
  Expenses:Taxes:Y2023:US:SocSec                   281.54 USD
  Assets:US:Federal:PreTax401k                   -1200.00 IRAUSD
  Expenses:Taxes:Y2023:US:Federal:PreTax401k      1200.00 IRAUSD
  Assets:US:Hoogle:Vacation                             5 VACHR
  Income:US:Hoogle:Vacation                            -5 VACHR



* Taxes

1980-05-12 open Income:US:Federal:PreTax401k                    IRAUSD
1980-05-12 open Assets:US:Federal:PreTax401k                    IRAUSD



** Tax Year 2021

2021-01-01 open Expenses:Taxes:Y2021:US:Federal:PreTax401k      IRAUSD
2021-01-01 open Expenses:Taxes:Y2021:US:Medicare                USD
2021-01-01 open Expenses:Taxes:Y2021:US:Federal                 USD
2021-01-01 open Expenses:Taxes:Y2021:US:CityNYC                 USD
2021-01-01 open Expenses:Taxes:Y2021:US:SDI                     USD
2021-01-01 open Expenses:Taxes:Y2021:US:State                   USD
2021-01-01 open Expenses:Taxes:Y2021:US:SocSec                  USD

2021-01-01 balance Assets:US:Federal:PreTax401k         0 IRAUSD

2021-01-01 * "Allowed contributions for one year"
  Income:US:Federal:PreTax401k                     -18500 IRAUSD
  Assets:US:Federal:PreTax401k                      18500 IRAUSD

2022-03-24 * "Filing taxes for 2021"
  Expenses:Taxes:Y2021:US:Federal                  731.24 USD
  Expenses:Taxes:Y2021:US:State                    334.30 USD
  Liabilities:AccountsPayable                    -1065.54 USD

2022-03-25 * "STATE TAX & FINANC PYMT"
  Assets:US:BofA:Checking                         -334.30 USD
  Liabilities:AccountsPayable                      334.30 USD

2022-03-26 * "FEDERAL TAXPYMT"
  Assets:US:BofA:Checking                         -731.24 USD
  Liabilities:AccountsPayable                      731.24 USD



** Tax Year 2022

2022-01-01 open Expenses:Taxes:Y2022:US:Federal:PreTax401k      IRAUSD
2022-01-01 open Expenses:Taxes:Y2022:US:Medicare                USD
2022-01-01 open Expenses:Taxes:Y2022:US:Federal                 USD
2022-01-01 open Expenses:Taxes:Y2022:US:CityNYC                 USD
2022-01-01 open Expenses:Taxes:Y2022:US:SDI                     USD
2022-01-01 open Expenses:Taxes:Y2022:US:State                   USD
2022-01-01 open Expenses:Taxes:Y2022:US:SocSec                  USD

2022-01-01 balance Assets:US:Federal:PreTax401k         0 IRAUSD

2022-01-01 * "Allowed contributions for one year"
  Income:US:Federal:PreTax401k                     -18500 IRAUSD
  Assets:US:Federal:PreTax401k                      18500 IRAUSD

2023-03-22 * "Filing taxes for 2022"
  Expenses:Taxes:Y2022:US:Federal                  501.67 USD
  Expenses:Taxes:Y2022:US:State                    326.91 USD
  Liabilities:AccountsPayable                     -828.58 USD

2023-03-23 * "FEDERAL TAXPYMT"
  Assets:US:BofA:Checking                         -501.67 USD
  Liabilities:AccountsPayable                      501.67 USD

2023-03-23 * "STATE TAX & FINANC PYMT"
  Assets:US:BofA:Checking                         -326.91 USD
  Liabilities:AccountsPayable                      326.91 USD



** Tax Year 2023

2023-01-01 open Expenses:Taxes:Y2023:US:Federal:PreTax401k      IRAUSD
2023-01-01 open Expenses:Taxes:Y2023:US:Medicare                USD
2023-01-01 open Expenses:Taxes:Y2023:US:Federal                 USD
2023-01-01 open Expenses:Taxes:Y2023:US:CityNYC                 USD
2023-01-01 open Expenses:Taxes:Y2023:US:SDI                     USD
2023-01-01 open Expenses:Taxes:Y2023:US:State                   USD
2023-01-01 open Expenses:Taxes:Y2023:US:SocSec                  USD

2023-01-01 balance Assets:US:Federal:PreTax401k         0 IRAUSD

2023-01-01 * "Allowed contributions for one year"
  Income:US:Federal:PreTax401k                     -18500 IRAUSD
  Assets:US:Federal:PreTax401k                      18500 IRAUSD



* Expenses

1980-05-12 open Expenses:Food:Groceries
1980-05-12 open Expenses:Food:Restaurant
1980-05-12 open Expenses:Food:Coffee
1980-05-12 open Expenses:Food:Alcohol
1980-05-12 open Expenses:Transport:Tram
1980-05-12 open Expenses:Home:Rent
1980-05-12 open Expenses:Home:Electricity
1980-05-12 open Expenses:Home:Internet
1980-05-12 open Expenses:Home:Phone
1980-05-12 open Expenses:Financial:Fees
1980-05-12 open Expenses:Financial:Commissions



* Prices

2021-01-01 price VBMPX                             141.90 USD
2021-01-01 price RGAGX                             169.25 USD
2021-01-01 price ITOT                               68.15 USD
2021-01-01 price VEA                                55.09 USD
2021-01-01 price VHT                                93.92 USD
2021-01-01 price GLD                                32.50 USD
2021-01-08 price VBMPX                             142.19 USD
2021-01-08 price RGAGX                             167.96 USD
2021-01-08 price ITOT                               68.96 USD
2021-01-08 price VEA                                55.98 USD
2021-01-08 price VHT                                93.37 USD
2021-01-08 price GLD                                32.11 USD
2021-01-15 price VBMPX                             140.06 USD
2021-01-15 price RGAGX                             166.89 USD
2021-01-15 price ITOT                               68.22 USD
2021-01-15 price VEA                                56.18 USD
2021-01-15 price VHT                                93.23 USD
2021-01-15 price GLD                                32.23 USD
2021-01-22 price VBMPX                             140.59 USD
2021-01-22 price RGAGX                             168.82 USD
2021-01-22 price ITOT                               67.56 USD
2021-01-22 price VEA                                55.33 USD
2021-01-22 price VHT                                93.01 USD
2021-01-22 price GLD                                32.17 USD
2021-01-29 price VBMPX                             143.43 USD
2021-01-29 price RGAGX                             170.46 USD
2021-01-29 price ITOT                               70.12 USD
2021-01-29 price VEA                                55.36 USD
2021-01-29 price VHT                                94.25 USD
2021-01-29 price GLD                                32.47 USD
2021-02-05 price VBMPX                             144.09 USD
2021-02-05 price RGAGX                             172.28 USD
2021-02-05 price ITOT                               70.55 USD
2021-02-05 price VEA                                54.98 USD
2021-02-05 price VHT                                93.80 USD
2021-02-05 price GLD                                32.66 USD
2021-02-12 price VBMPX                             146.78 USD
2021-02-12 price RGAGX                             172.78 USD
2021-02-12 price ITOT                               71.95 USD
2021-02-12 price VEA                                54.70 USD
2021-02-12 price VHT                                94.19 USD
2021-02-12 price GLD                                33.23 USD
2021-02-19 price VBMPX                             145.24 USD
2021-02-19 price RGAGX                             171.18 USD
2021-02-19 price ITOT                               71.50 USD
2021-02-19 price VEA                                54.99 USD
2021-02-19 price VHT                                94.51 USD
2021-02-19 price GLD                                33.08 USD
2021-02-26 price VBMPX                             142.86 USD
2021-02-26 price RGAGX                             172.49 USD
2021-02-26 price ITOT                               68.75 USD
2021-02-26 price VEA                                54.80 USD
2021-02-26 price VHT                                94.10 USD
2021-02-26 price GLD                                32.59 USD
2021-03-05 price VBMPX                             144.49 USD
2021-03-05 price RGAGX                             172.30 USD
2021-03-05 price ITOT                               67.75 USD
2021-03-05 price VEA                                55.57 USD
2021-03-05 price VHT                                94.56 USD
2021-03-05 price GLD                                33.30 USD
2021-03-12 price VBMPX                             143.52 USD
2021-03-12 price RGAGX                             172.30 USD
2021-03-12 price ITOT                               69.57 USD
2021-03-12 price VEA                                56.14 USD
2021-03-12 price VHT                                94.82 USD
2021-03-12 price GLD                                33.39 USD
2021-03-19 price VBMPX                             141.11 USD
2021-03-19 price RGAGX                             172.10 USD
2021-03-19 price ITOT                               69.67 USD
2021-03-19 price VEA                                56.21 USD
2021-03-19 price VHT                                95.97 USD
2021-03-19 price GLD                                33.46 USD
2021-03-26 price VBMPX                             138.22 USD
2021-03-26 price RGAGX                             170.34 USD
2021-03-26 price ITOT                               69.73 USD
2021-03-26 price VEA                                55.48 USD
2021-03-26 price VHT                                96.47 USD
2021-03-26 price GLD                                34.09 USD
2021-04-02 price VBMPX                             135.99 USD
2021-04-02 price RGAGX                             171.34 USD
2021-04-02 price ITOT                               70.24 USD
2021-04-02 price VEA                                54.83 USD
2021-04-02 price VHT                                95.16 USD
2021-04-02 price GLD                                34.59 USD
2021-04-09 price VBMPX                             136.78 USD
2021-04-09 price RGAGX                             170.84 USD
2021-04-09 price ITOT                               70.08 USD
2021-04-09 price VEA                                54.55 USD
2021-04-09 price VHT                                94.61 USD
2021-04-09 price GLD                                34.92 USD
2021-04-16 price VBMPX                             136.85 USD
2021-04-16 price RGAGX                             170.42 USD
2021-04-16 price ITOT                               71.32 USD
2021-04-16 price VEA                                55.63 USD
2021-04-16 price VHT                                92.79 USD
2021-04-16 price GLD                                35.01 USD
2021-04-23 price VBMPX                             136.24 USD
2021-04-23 price RGAGX                             170.73 USD
2021-04-23 price ITOT                               70.97 USD
2021-04-23 price VEA                                55.11 USD
2021-04-23 price VHT                                91.49 USD
2021-04-23 price GLD                                35.37 USD
2021-04-30 price VBMPX                             132.14 USD
2021-04-30 price RGAGX                             170.56 USD
2021-04-30 price ITOT                               70.77 USD
2021-04-30 price VEA                                55.59 USD
2021-04-30 price VHT                                92.27 USD
2021-04-30 price GLD                                35.54 USD
2021-05-07 price VBMPX                             135.13 USD
2021-05-07 price RGAGX                             170.62 USD
2021-05-07 price ITOT                               69.30 USD
2021-05-07 price VEA                                56.25 USD
2021-05-07 price VHT                                91.93 USD
2021-05-07 price GLD                                35.65 USD
2021-05-14 price VBMPX                             138.11 USD
2021-05-14 price RGAGX                             171.56 USD
2021-05-14 price ITOT                               68.24 USD
2021-05-14 price VEA                                55.85 USD
2021-05-14 price VHT                                91.72 USD
2021-05-14 price GLD                                35.17 USD
2021-05-21 price VBMPX                             136.70 USD
2021-05-21 price RGAGX                             172.93 USD
2021-05-21 price ITOT                               69.85 USD
2021-05-21 price VEA                                56.45 USD
2021-05-21 price VHT                                90.76 USD
2021-05-21 price GLD                                35.27 USD
2021-05-28 price VBMPX                             138.91 USD
2021-05-28 price RGAGX                             173.24 USD
2021-05-28 price ITOT                               69.75 USD
2021-05-28 price VEA                                56.78 USD
2021-05-28 price VHT                                89.99 USD
2021-05-28 price GLD                                34.74 USD
2021-06-04 price VBMPX                             135.39 USD
2021-06-04 price RGAGX                             176.47 USD
2021-06-04 price ITOT                               69.19 USD
2021-06-04 price VEA                                56.35 USD
2021-06-04 price VHT                                89.65 USD
2021-06-04 price GLD                                34.77 USD
2021-06-11 price VBMPX                             137.10 USD
2021-06-11 price RGAGX                             177.66 USD
2021-06-11 price ITOT                               69.79 USD
2021-06-11 price VEA                                56.93 USD
2021-06-11 price VHT                                89.91 USD
2021-06-11 price GLD                                34.75 USD
2021-06-18 price VBMPX                             137.73 USD
2021-06-18 price RGAGX                             177.86 USD
2021-06-18 price ITOT                               70.00 USD
2021-06-18 price VEA                                56.36 USD
2021-06-18 price VHT                                88.25 USD
2021-06-18 price GLD                                35.28 USD
2021-06-25 price VBMPX                             138.43 USD
2021-06-25 price RGAGX                             178.34 USD
2021-06-25 price ITOT                               68.71 USD
2021-06-25 price VEA                                55.86 USD
2021-06-25 price VHT                                88.26 USD
2021-06-25 price GLD                                34.89 USD
2021-07-02 price VBMPX                             138.68 USD
2021-07-02 price RGAGX                             178.93 USD
2021-07-02 price ITOT                               69.97 USD
2021-07-02 price VEA                                55.82 USD
2021-07-02 price VHT                                87.11 USD
2021-07-02 price GLD                                34.89 USD
2021-07-09 price VBMPX                             139.86 USD
2021-07-09 price RGAGX                             179.07 USD
2021-07-09 price ITOT                               71.19 USD
2021-07-09 price VEA                                56.06 USD
2021-07-09 price VHT                                87.72 USD
2021-07-09 price GLD                                34.73 USD
2021-07-16 price VBMPX                             139.41 USD
2021-07-16 price RGAGX                             180.10 USD
2021-07-16 price ITOT                               72.19 USD
2021-07-16 price VEA                                55.85 USD
2021-07-16 price VHT                                86.86 USD
2021-07-16 price GLD                                34.75 USD
2021-07-23 price VBMPX                             136.39 USD
2021-07-23 price RGAGX                             180.60 USD
2021-07-23 price ITOT                               71.99 USD
2021-07-23 price VEA                                56.63 USD
2021-07-23 price VHT                                85.21 USD
2021-07-23 price GLD                                35.02 USD
2021-07-30 price VBMPX                             137.58 USD
2021-07-30 price RGAGX                             181.83 USD
2021-07-30 price ITOT                               71.95 USD
2021-07-30 price VEA                                57.22 USD
2021-07-30 price VHT                                84.16 USD
2021-07-30 price GLD                                35.45 USD
2021-08-06 price VBMPX                             139.87 USD
2021-08-06 price RGAGX                             181.13 USD
2021-08-06 price ITOT                               72.01 USD
2021-08-06 price VEA                                57.06 USD
2021-08-06 price VHT                                84.07 USD
2021-08-06 price GLD                                35.39 USD
2021-08-13 price VBMPX                             141.71 USD
2021-08-13 price RGAGX                             181.04 USD
2021-08-13 price ITOT                               71.41 USD
2021-08-13 price VEA                                57.47 USD
2021-08-13 price VHT                                84.84 USD
2021-08-13 price GLD                                34.98 USD
2021-08-20 price VBMPX                             140.40 USD
2021-08-20 price RGAGX                             180.63 USD
2021-08-20 price ITOT                               73.85 USD
2021-08-20 price VEA                                58.43 USD
2021-08-20 price VHT                                84.07 USD
2021-08-20 price GLD                                35.53 USD
2021-08-27 price VBMPX                             142.25 USD
2021-08-27 price RGAGX                             182.37 USD
2021-08-27 price ITOT                               74.70 USD
2021-08-27 price VEA                                58.87 USD
2021-08-27 price VHT                                84.12 USD
2021-08-27 price GLD                                35.88 USD
2021-09-03 price VBMPX                             145.06 USD
2021-09-03 price RGAGX                             183.10 USD
2021-09-03 price ITOT                               76.94 USD
2021-09-03 price VEA                                58.65 USD
2021-09-03 price VHT                                83.07 USD
2021-09-03 price GLD                                35.83 USD
2021-09-10 price VBMPX                             144.01 USD
2021-09-10 price RGAGX                             182.87 USD
2021-09-10 price ITOT                               76.27 USD
2021-09-10 price VEA                                58.69 USD
2021-09-10 price VHT                                83.16 USD
2021-09-10 price GLD                                36.24 USD
2021-09-17 price VBMPX                             142.45 USD
2021-09-17 price RGAGX                             183.01 USD
2021-09-17 price ITOT                               77.21 USD
2021-09-17 price VEA                                57.98 USD
2021-09-17 price VHT                                83.67 USD
2021-09-17 price GLD                                36.28 USD
2021-09-24 price VBMPX                             141.23 USD
2021-09-24 price RGAGX                             184.27 USD
2021-09-24 price ITOT                               76.58 USD
2021-09-24 price VEA                                58.78 USD
2021-09-24 price VHT                                83.21 USD
2021-09-24 price GLD                                36.37 USD
2021-10-01 price VBMPX                             139.55 USD
2021-10-01 price RGAGX                             183.49 USD
2021-10-01 price ITOT                               77.60 USD
2021-10-01 price VEA                                58.98 USD
2021-10-01 price VHT                                83.64 USD
2021-10-01 price GLD                                36.15 USD
2021-10-08 price VBMPX                             141.37 USD
2021-10-08 price RGAGX                             181.47 USD
2021-10-08 price ITOT                               79.15 USD
2021-10-08 price VEA                                58.97 USD
2021-10-08 price VHT                                82.62 USD
2021-10-08 price GLD                                37.12 USD
2021-10-15 price VBMPX                             140.35 USD
2021-10-15 price RGAGX                             182.04 USD
2021-10-15 price ITOT                               78.19 USD
2021-10-15 price VEA                                58.43 USD
2021-10-15 price VHT                                83.15 USD
2021-10-15 price GLD                                37.13 USD
2021-10-22 price VBMPX                             135.75 USD
2021-10-22 price RGAGX                             181.76 USD
2021-10-22 price ITOT                               77.97 USD
2021-10-22 price VEA                                58.85 USD
2021-10-22 price VHT                                82.90 USD
2021-10-22 price GLD                                38.01 USD
2021-10-29 price VBMPX                             137.57 USD
2021-10-29 price RGAGX                             181.38 USD
2021-10-29 price ITOT                               76.80 USD
2021-10-29 price VEA                                59.62 USD
2021-10-29 price VHT                                83.24 USD
2021-10-29 price GLD                                38.07 USD
2021-11-05 price VBMPX                             138.15 USD
2021-11-05 price RGAGX                             180.60 USD
2021-11-05 price ITOT                               76.89 USD
2021-11-05 price VEA                                60.31 USD
2021-11-05 price VHT                                81.95 USD
2021-11-05 price GLD                                37.97 USD
2021-11-12 price VBMPX                             133.40 USD
2021-11-12 price RGAGX                             180.96 USD
2021-11-12 price ITOT                               76.15 USD
2021-11-12 price VEA                                60.13 USD
2021-11-12 price VHT                                81.16 USD
2021-11-12 price GLD                                37.69 USD
2021-11-19 price VBMPX                             132.47 USD
2021-11-19 price RGAGX                             181.61 USD
2021-11-19 price ITOT                               75.22 USD
2021-11-19 price VEA                                60.85 USD
2021-11-19 price VHT                                81.69 USD
2021-11-19 price GLD                                37.79 USD
2021-11-26 price VBMPX                             126.17 USD
2021-11-26 price RGAGX                             180.37 USD
2021-11-26 price ITOT                               74.98 USD
2021-11-26 price VEA                                60.53 USD
2021-11-26 price VHT                                83.48 USD
2021-11-26 price GLD                                37.89 USD
2021-12-03 price VBMPX                             127.69 USD
2021-12-03 price RGAGX                             181.81 USD
2021-12-03 price ITOT                               73.17 USD
2021-12-03 price VEA                                60.51 USD
2021-12-03 price VHT                                82.66 USD
2021-12-03 price GLD                                38.13 USD
2021-12-10 price VBMPX                             130.17 USD
2021-12-10 price RGAGX                             181.09 USD
2021-12-10 price ITOT                               73.89 USD
2021-12-10 price VEA                                60.91 USD
2021-12-10 price VHT                                82.40 USD
2021-12-10 price GLD                                37.12 USD
2021-12-17 price VBMPX                             127.14 USD
2021-12-17 price RGAGX                             182.08 USD
2021-12-17 price ITOT                               75.51 USD
2021-12-17 price VEA                                60.61 USD
2021-12-17 price VHT                                82.13 USD
2021-12-17 price GLD                                36.72 USD
2021-12-24 price VBMPX                             130.74 USD
2021-12-24 price RGAGX                             183.59 USD
2021-12-24 price ITOT                               76.28 USD
2021-12-24 price VEA                                60.44 USD
2021-12-24 price VHT                                82.40 USD
2021-12-24 price GLD                                36.60 USD
2021-12-31 price VBMPX                             134.41 USD
2021-12-31 price RGAGX                             184.95 USD
2021-12-31 price ITOT                               75.10 USD
2021-12-31 price VEA                                60.74 USD
2021-12-31 price VHT                                81.38 USD
2021-12-31 price GLD                                36.97 USD
2022-01-07 price VBMPX                             139.02 USD
2022-01-07 price RGAGX                             185.05 USD
2022-01-07 price ITOT                               75.26 USD
2022-01-07 price VEA                                61.02 USD
2022-01-07 price VHT                                81.78 USD
2022-01-07 price GLD                                37.67 USD
2022-01-14 price VBMPX                             133.99 USD
2022-01-14 price RGAGX                             184.71 USD
2022-01-14 price ITOT                               75.38 USD
2022-01-14 price VEA                                61.84 USD
2022-01-14 price VHT                                82.13 USD
2022-01-14 price GLD                                37.77 USD
2022-01-21 price VBMPX                             135.51 USD
2022-01-21 price RGAGX                             184.87 USD
2022-01-21 price ITOT                               77.52 USD
2022-01-21 price VEA                                62.21 USD
2022-01-21 price VHT                                80.99 USD
2022-01-21 price GLD                                37.83 USD
2022-01-28 price VBMPX                             134.54 USD
2022-01-28 price RGAGX                             186.61 USD
2022-01-28 price ITOT                               76.36 USD
2022-01-28 price VEA                                62.45 USD
2022-01-28 price VHT                                81.87 USD
2022-01-28 price GLD                                38.05 USD
2022-02-04 price VBMPX                             133.33 USD
2022-02-04 price RGAGX                             186.94 USD
2022-02-04 price ITOT                               75.56 USD
2022-02-04 price VEA                                62.05 USD
2022-02-04 price VHT                                82.79 USD
2022-02-04 price GLD                                38.39 USD
2022-02-11 price VBMPX                             135.11 USD
2022-02-11 price RGAGX                             186.35 USD
2022-02-11 price ITOT                               74.58 USD
2022-02-11 price VEA                                61.95 USD
2022-02-11 price VHT                                82.72 USD
2022-02-11 price GLD                                38.81 USD
2022-02-18 price VBMPX                             137.50 USD
2022-02-18 price RGAGX                             187.26 USD
2022-02-18 price ITOT                               77.19 USD
2022-02-18 price VEA                                61.17 USD
2022-02-18 price VHT                                81.67 USD
2022-02-18 price GLD                                39.18 USD
2022-02-25 price VBMPX                             138.23 USD
2022-02-25 price RGAGX                             188.06 USD
2022-02-25 price ITOT                               78.82 USD
2022-02-25 price VEA                                60.62 USD
2022-02-25 price VHT                                82.02 USD
2022-02-25 price GLD                                39.35 USD
2022-03-04 price VBMPX                             141.76 USD
2022-03-04 price RGAGX                             188.74 USD
2022-03-04 price ITOT                               80.77 USD
2022-03-04 price VEA                                60.88 USD
2022-03-04 price VHT                                82.20 USD
2022-03-04 price GLD                                39.17 USD
2022-03-11 price VBMPX                             140.35 USD
2022-03-11 price RGAGX                             188.40 USD
2022-03-11 price ITOT                               78.85 USD
2022-03-11 price VEA                                60.98 USD
2022-03-11 price VHT                                81.82 USD
2022-03-11 price GLD                                39.55 USD
2022-03-18 price VBMPX                             143.06 USD
2022-03-18 price RGAGX                             190.45 USD
2022-03-18 price ITOT                               80.40 USD
2022-03-18 price VEA                                60.88 USD
2022-03-18 price VHT                                80.24 USD
2022-03-18 price GLD                                39.01 USD
2022-03-25 price VBMPX                             143.83 USD
2022-03-25 price RGAGX                             191.04 USD
2022-03-25 price ITOT                               79.95 USD
2022-03-25 price VEA                                61.18 USD
2022-03-25 price VHT                                80.93 USD
2022-03-25 price GLD                                38.92 USD
2022-04-01 price VBMPX                             143.07 USD
2022-04-01 price RGAGX                             190.00 USD
2022-04-01 price ITOT                               78.12 USD
2022-04-01 price VEA                                60.95 USD
2022-04-01 price VHT                                81.38 USD
2022-04-01 price GLD                                38.59 USD
2022-04-08 price VBMPX                             144.90 USD
2022-04-08 price RGAGX                             188.94 USD
2022-04-08 price ITOT                               80.57 USD
2022-04-08 price VEA                                61.03 USD
2022-04-08 price VHT                                80.97 USD
2022-04-08 price GLD                                38.86 USD
2022-04-15 price VBMPX                             139.94 USD
2022-04-15 price RGAGX                             188.69 USD
2022-04-15 price ITOT                               82.32 USD
2022-04-15 price VEA                                60.96 USD
2022-04-15 price VHT                                80.87 USD
2022-04-15 price GLD                                39.01 USD
2022-04-22 price VBMPX                             140.37 USD
2022-04-22 price RGAGX                             188.54 USD
2022-04-22 price ITOT                               82.00 USD
2022-04-22 price VEA                                60.53 USD
2022-04-22 price VHT                                79.92 USD
2022-04-22 price GLD                                39.74 USD
2022-04-29 price VBMPX                             140.30 USD
2022-04-29 price RGAGX                             189.00 USD
2022-04-29 price ITOT                               80.58 USD
2022-04-29 price VEA                                60.24 USD
2022-04-29 price VHT                                80.13 USD
2022-04-29 price GLD                                40.09 USD
2022-05-06 price VBMPX                             134.20 USD
2022-05-06 price RGAGX                             189.28 USD
2022-05-06 price ITOT                               82.74 USD
2022-05-06 price VEA                                60.14 USD
2022-05-06 price VHT                                80.41 USD
2022-05-06 price GLD                                39.81 USD
2022-05-13 price VBMPX                             138.13 USD
2022-05-13 price RGAGX                             190.38 USD
2022-05-13 price ITOT                               84.79 USD
2022-05-13 price VEA                                59.28 USD
2022-05-13 price VHT                                80.75 USD
2022-05-13 price GLD                                39.78 USD
2022-05-20 price VBMPX                             136.31 USD
2022-05-20 price RGAGX                             190.67 USD
2022-05-20 price ITOT                               85.44 USD
2022-05-20 price VEA                                59.79 USD
2022-05-20 price VHT                                82.53 USD
2022-05-20 price GLD                                39.68 USD
2022-05-27 price VBMPX                             137.46 USD
2022-05-27 price RGAGX                             191.16 USD
2022-05-27 price ITOT                               85.24 USD
2022-05-27 price VEA                                61.05 USD
2022-05-27 price VHT                                81.91 USD
2022-05-27 price GLD                                39.23 USD
2022-06-03 price VBMPX                             138.67 USD
2022-06-03 price RGAGX                             190.00 USD
2022-06-03 price ITOT                               82.40 USD
2022-06-03 price VEA                                61.22 USD
2022-06-03 price VHT                                81.28 USD
2022-06-03 price GLD                                39.40 USD
2022-06-10 price VBMPX                             136.40 USD
2022-06-10 price RGAGX                             189.31 USD
2022-06-10 price ITOT                               82.45 USD
2022-06-10 price VEA                                62.00 USD
2022-06-10 price VHT                                81.11 USD
2022-06-10 price GLD                                39.54 USD
2022-06-17 price VBMPX                             137.09 USD
2022-06-17 price RGAGX                             189.59 USD
2022-06-17 price ITOT                               83.20 USD
2022-06-17 price VEA                                62.30 USD
2022-06-17 price VHT                                80.32 USD
2022-06-17 price GLD                                39.65 USD
2022-06-24 price VBMPX                             135.92 USD
2022-06-24 price RGAGX                             189.45 USD
2022-06-24 price ITOT                               80.59 USD
2022-06-24 price VEA                                62.86 USD
2022-06-24 price VHT                                81.55 USD
2022-06-24 price GLD                                39.66 USD
2022-07-01 price VBMPX                             136.60 USD
2022-07-01 price RGAGX                             189.68 USD
2022-07-01 price ITOT                               80.05 USD
2022-07-01 price VEA                                63.37 USD
2022-07-01 price VHT                                81.52 USD
2022-07-01 price GLD                                39.89 USD
2022-07-08 price VBMPX                             138.25 USD
2022-07-08 price RGAGX                             190.46 USD
2022-07-08 price ITOT                               82.80 USD
2022-07-08 price VEA                                64.32 USD
2022-07-08 price VHT                                81.25 USD
2022-07-08 price GLD                                40.35 USD
2022-07-15 price VBMPX                             142.49 USD
2022-07-15 price RGAGX                             190.98 USD
2022-07-15 price ITOT                               80.34 USD
2022-07-15 price VEA                                64.09 USD
2022-07-15 price VHT                                81.38 USD
2022-07-15 price GLD                                40.27 USD
2022-07-22 price VBMPX                             141.56 USD
2022-07-22 price RGAGX                             192.08 USD
2022-07-22 price ITOT                               79.51 USD
2022-07-22 price VEA                                64.67 USD
2022-07-22 price VHT                                81.88 USD
2022-07-22 price GLD                                40.51 USD
2022-07-29 price VBMPX                             140.78 USD
2022-07-29 price RGAGX                             194.26 USD
2022-07-29 price ITOT                               78.95 USD
2022-07-29 price VEA                                64.05 USD
2022-07-29 price VHT                                81.44 USD
2022-07-29 price GLD                                40.11 USD
2022-08-05 price VBMPX                             139.05 USD
2022-08-05 price RGAGX                             196.96 USD
2022-08-05 price ITOT                               77.02 USD
2022-08-05 price VEA                                63.48 USD
2022-08-05 price VHT                                80.90 USD
2022-08-05 price GLD                                40.03 USD
2022-08-12 price VBMPX                             137.95 USD
2022-08-12 price RGAGX                             197.33 USD
2022-08-12 price ITOT                               77.32 USD
2022-08-12 price VEA                                64.15 USD
2022-08-12 price VHT                                80.44 USD
2022-08-12 price GLD                                39.65 USD
2022-08-19 price VBMPX                             135.94 USD
2022-08-19 price RGAGX                             195.53 USD
2022-08-19 price ITOT                               76.91 USD
2022-08-19 price VEA                                63.86 USD
2022-08-19 price VHT                                79.76 USD
2022-08-19 price GLD                                39.25 USD
2022-08-26 price VBMPX                             137.24 USD
2022-08-26 price RGAGX                             195.64 USD
2022-08-26 price ITOT                               78.27 USD
2022-08-26 price VEA                                63.90 USD
2022-08-26 price VHT                                79.40 USD
2022-08-26 price GLD                                39.21 USD
2022-09-02 price VBMPX                             139.51 USD
2022-09-02 price RGAGX                             196.49 USD
2022-09-02 price ITOT                               79.22 USD
2022-09-02 price VEA                                63.32 USD
2022-09-02 price VHT                                77.83 USD
2022-09-02 price GLD                                38.78 USD
2022-09-09 price VBMPX                             144.23 USD
2022-09-09 price RGAGX                             195.82 USD
2022-09-09 price ITOT                               79.42 USD
2022-09-09 price VEA                                63.58 USD
2022-09-09 price VHT                                78.24 USD
2022-09-09 price GLD                                38.70 USD
2022-09-16 price VBMPX                             145.15 USD
2022-09-16 price RGAGX                             196.10 USD
2022-09-16 price ITOT                               76.48 USD
2022-09-16 price VEA                                64.01 USD
2022-09-16 price VHT                                78.33 USD
2022-09-16 price GLD                                38.53 USD
2022-09-23 price VBMPX                             146.69 USD
2022-09-23 price RGAGX                             195.69 USD
2022-09-23 price ITOT                               76.34 USD
2022-09-23 price VEA                                64.58 USD
2022-09-23 price VHT                                77.31 USD
2022-09-23 price GLD                                38.66 USD
2022-09-30 price VBMPX                             145.81 USD
2022-09-30 price RGAGX                             195.23 USD
2022-09-30 price ITOT                               76.75 USD
2022-09-30 price VEA                                64.25 USD
2022-09-30 price VHT                                75.53 USD
2022-09-30 price GLD                                38.62 USD
2022-10-07 price VBMPX                             146.73 USD
2022-10-07 price RGAGX                             196.37 USD
2022-10-07 price ITOT                               78.66 USD
2022-10-07 price VEA                                64.88 USD
2022-10-07 price VHT                                76.01 USD
2022-10-07 price GLD                                38.99 USD
2022-10-14 price VBMPX                             146.87 USD
2022-10-14 price RGAGX                             196.78 USD
2022-10-14 price ITOT                               80.06 USD
2022-10-14 price VEA                                65.20 USD
2022-10-14 price VHT                                76.75 USD
2022-10-14 price GLD                                38.95 USD
2022-10-21 price VBMPX                             148.14 USD
2022-10-21 price RGAGX                             196.82 USD
2022-10-21 price ITOT                               79.34 USD
2022-10-21 price VEA                                65.82 USD
2022-10-21 price VHT                                76.52 USD
2022-10-21 price GLD                                38.23 USD
2022-10-28 price VBMPX                             151.02 USD
2022-10-28 price RGAGX                             198.18 USD
2022-10-28 price ITOT                               79.04 USD
2022-10-28 price VEA                                65.93 USD
2022-10-28 price VHT                                75.26 USD
2022-10-28 price GLD                                38.51 USD
2022-11-04 price VBMPX                             149.52 USD
2022-11-04 price RGAGX                             198.32 USD
2022-11-04 price ITOT                               78.04 USD
2022-11-04 price VEA                                65.37 USD
2022-11-04 price VHT                                74.45 USD
2022-11-04 price GLD                                38.61 USD
2022-11-11 price VBMPX                             153.88 USD
2022-11-11 price RGAGX                             199.14 USD
2022-11-11 price ITOT                               76.73 USD
2022-11-11 price VEA                                66.49 USD
2022-11-11 price VHT                                75.58 USD
2022-11-11 price GLD                                38.75 USD
2022-11-18 price VBMPX                             153.78 USD
2022-11-18 price RGAGX                             198.79 USD
2022-11-18 price ITOT                               80.18 USD
2022-11-18 price VEA                                66.59 USD
2022-11-18 price VHT                                74.71 USD
2022-11-18 price GLD                                38.41 USD
2022-11-25 price VBMPX                             154.38 USD
2022-11-25 price RGAGX                             198.57 USD
2022-11-25 price ITOT                               78.50 USD
2022-11-25 price VEA                                67.30 USD
2022-11-25 price VHT                                75.62 USD
2022-11-25 price GLD                                38.65 USD
2022-12-02 price VBMPX                             158.18 USD
2022-12-02 price RGAGX                             198.75 USD
2022-12-02 price ITOT                               79.83 USD
2022-12-02 price VEA                                68.31 USD
2022-12-02 price VHT                                74.81 USD
2022-12-02 price GLD                                38.67 USD
2022-12-09 price VBMPX                             156.35 USD
2022-12-09 price RGAGX                             197.43 USD
2022-12-09 price ITOT                               77.78 USD
2022-12-09 price VEA                                68.28 USD
2022-12-09 price VHT                                75.63 USD
2022-12-09 price GLD                                38.10 USD
2022-12-16 price VBMPX                             155.04 USD
2022-12-16 price RGAGX                             195.19 USD
2022-12-16 price ITOT                               78.92 USD
2022-12-16 price VEA                                68.43 USD
2022-12-16 price VHT                                74.48 USD
2022-12-16 price GLD                                37.90 USD
2022-12-23 price VBMPX                             157.06 USD
2022-12-23 price RGAGX                             195.26 USD
2022-12-23 price ITOT                               80.39 USD
2022-12-23 price VEA                                69.40 USD
2022-12-23 price VHT                                74.10 USD
2022-12-23 price GLD                                38.36 USD
2022-12-30 price VBMPX                             153.33 USD
2022-12-30 price RGAGX                             196.04 USD
2022-12-30 price ITOT                               78.92 USD
2022-12-30 price VEA                                68.60 USD
2022-12-30 price VHT                                73.27 USD
2022-12-30 price GLD                                38.36 USD
2023-01-06 price VBMPX                             157.73 USD
2023-01-06 price RGAGX                             196.80 USD
2023-01-06 price ITOT                               77.46 USD
2023-01-06 price VEA                                68.42 USD
2023-01-06 price VHT                                73.99 USD
2023-01-06 price GLD                                38.23 USD
2023-01-13 price VBMPX                             165.08 USD
2023-01-13 price RGAGX                             195.26 USD
2023-01-13 price ITOT                               76.31 USD
2023-01-13 price VEA                                68.48 USD
2023-01-13 price VHT                                74.40 USD
2023-01-13 price GLD                                38.29 USD
2023-01-20 price VBMPX                             166.87 USD
2023-01-20 price RGAGX                             197.49 USD
2023-01-20 price ITOT                               74.85 USD
2023-01-20 price VEA                                68.46 USD
2023-01-20 price VHT                                76.03 USD
2023-01-20 price GLD                                38.28 USD
2023-01-27 price VBMPX                             169.96 USD
2023-01-27 price RGAGX                             197.81 USD
2023-01-27 price ITOT                               75.23 USD
2023-01-27 price VEA                                67.96 USD
2023-01-27 price VHT                                77.26 USD
2023-01-27 price GLD                                37.54 USD
2023-02-03 price VBMPX                             174.86 USD
2023-02-03 price RGAGX                             198.25 USD
2023-02-03 price ITOT                               76.89 USD
2023-02-03 price VEA                                68.51 USD
2023-02-03 price VHT                                77.52 USD
2023-02-03 price GLD                                38.22 USD
2023-02-10 price VBMPX                             171.34 USD
2023-02-10 price RGAGX                             197.64 USD
2023-02-10 price ITOT                               75.59 USD
2023-02-10 price VEA                                68.19 USD
2023-02-10 price VHT                                77.51 USD
2023-02-10 price GLD                                37.58 USD
2023-02-17 price VBMPX                             169.48 USD
2023-02-17 price RGAGX                             196.69 USD
2023-02-17 price ITOT                               76.36 USD
2023-02-17 price VEA                                68.16 USD
2023-02-17 price VHT                                78.76 USD
2023-02-17 price GLD                                37.64 USD
2023-02-24 price VBMPX                             171.92 USD
2023-02-24 price RGAGX                             197.10 USD
2023-02-24 price ITOT                               74.43 USD
2023-02-24 price VEA                                67.88 USD
2023-02-24 price VHT                                78.30 USD
2023-02-24 price GLD                                37.67 USD
2023-03-03 price VBMPX                             168.63 USD
2023-03-03 price RGAGX                             196.92 USD
2023-03-03 price ITOT                               76.34 USD
2023-03-03 price VEA                                69.16 USD
2023-03-03 price VHT                                78.69 USD
2023-03-03 price GLD                                38.08 USD
2023-03-10 price VBMPX                             168.99 USD
2023-03-10 price RGAGX                             196.49 USD
2023-03-10 price ITOT                               77.90 USD
2023-03-10 price VEA                                70.16 USD
2023-03-10 price VHT                                77.83 USD
2023-03-10 price GLD                                38.33 USD
2023-03-17 price VBMPX                             169.35 USD
2023-03-17 price RGAGX                             196.45 USD
2023-03-17 price ITOT                               78.49 USD
2023-03-17 price VEA                                70.53 USD
2023-03-17 price VHT                                77.09 USD
2023-03-17 price GLD                                38.54 USD
2023-03-24 price VBMPX                             171.56 USD
2023-03-24 price RGAGX                             197.04 USD
2023-03-24 price ITOT                               77.55 USD
2023-03-24 price VEA                                70.37 USD
2023-03-24 price VHT                                77.36 USD
2023-03-24 price GLD                                38.75 USD
2023-03-31 price VBMPX                             172.04 USD
2023-03-31 price RGAGX                             195.81 USD
2023-03-31 price ITOT                               78.13 USD
2023-03-31 price VEA                                71.09 USD
2023-03-31 price VHT                                77.10 USD
2023-03-31 price GLD                                39.03 USD
2023-04-07 price VBMPX                             172.39 USD
2023-04-07 price RGAGX                             194.97 USD
2023-04-07 price ITOT                               77.03 USD
2023-04-07 price VEA                                72.26 USD
2023-04-07 price VHT                                75.79 USD
2023-04-07 price GLD                                38.60 USD
2023-04-14 price VBMPX                             175.84 USD
2023-04-14 price RGAGX                             194.49 USD
2023-04-14 price ITOT                               77.26 USD
2023-04-14 price VEA                                72.29 USD
2023-04-14 price VHT                                75.30 USD
2023-04-14 price GLD                                38.61 USD



* Cash

